3456 5104
297 341 368 410 ,266
852 363 979 406 01οο101

397 522 489 583 1052.
514 528 689 602 συγχωρεῖν
712 521 813 604 πόσει]
839 522 882 600 01.
907 521 988 585 Med.
1014 524 1086 584 217.
1110 526 1312 602 προσχωρεῖν
1334 519 1430 582 πόλει.

396 610 488 672 1054.
513 611 634 694 λόγων]
669 609 726 686 Qu.
759 611 869 692 φίλων.
919 609 1079 674 Seidlerus
1111 611 1234 673 confert
1270 609 1351 673 Med.
1381 611 1454 671 932.
1487 609 1531 677 εἰς

304 699 402 779 ἐμοὺς
425 701 511 782 ἥκεις
534 698 656 780 λόγους.

396 789 489 851 1057.
512 791 566 852 καὶ
589 796 645 853 νῦν
669 791 704 870 γε’
719 813 802 871 φημι
819 790 877 874 -]
903 790 947 853 01.
964 790 1032 853 Alc.
1050 790 1122 852 374.
1146 789 1199 852 καὶ
1222 795 1279 850 νῦν
1303 789 1338 869 γε’
1353 811 1448 870 φημι,
1477 787 1532 849 καί

303 878 475 959 τελευτήσω
499 878 580 942 τάδε.

398 968 488 1030 1058.
513 965 576 1048 ἆρα
599 967 753 1049 κλύουσα]
782 966 844 1050 ἆρά
859 993 900 1050 με
924 969 984 1044 (vel
1013 967 1076 1049 ἆρά
1100 993 1143 1049 γε,
1167 968 1217 1029 vel
1246 987 1318 1028 01101
1344 965 1531 1030 Hermanno

304 1055 356 1136 ἆρ’
384 1059 435 1132 ἂν)
467 1057 607 1119 κλύουσα
641 1059 721 1139 conj.
755 1057 885 1121 Seidler.
918 1056 959 1138 ἆρ
992 1055 1027 1121 εὗ
1064 1057 1198 1138 λέγουσα
1232 1055 1340 1118 Elmsl.
1370 1058 1403 1118 in
1432 1055 1530 1118 01000.

304 1145 416 1208 Journ.
440 1145 529 1209 XVI.
554 1147 617 1208 426
629 1167 659 1209 n.
693 1145 771 1228 ἀτάρ
804 1148 945 1210 κλύουσα
977 1147 1087 1229 σκλήρ’
1125 1149 1174 1229 ἔμ’
1203 1145 1255 1209 εἶτ’
1283 1147 1382 1226 ἔρξεις
1418 1149 1531 1214 κακῶς

305 1233 336 1297 F.
353 1233 403 1295 W.
427 1234 576 1299 Schmidt.

349 1323 459 1407 ἔρξεις]
484 1325 563 1404 ἐρεῖς
587 1343 658 1386 cum
683 1324 812 1389 Reiskio
837 1325 941 1388 Herw.

399 1414 490 1476 1065.
514 1414 702 1494 ἁρπασθεῖσ’
726 1413 833 1477 ἑκοῦο’
857 1417 928 1494 (sio,
952 1416 1075 1478 ‘volens
1098 1415 1213 1497 rapta’)
1237 1413 1364 1478 Faehse.

397 1503 489 1565 1068.
515 1504 553 1565 οὐ
578 1503 639 1584 γὰρ
663 1504 709 1572 ὡς
733 1505 827 1585 ἔγωγ’
851 1506 951 1567 ἴσασιν
974 1503 1009 1567 εὖ
1026 1525 1098 1567 mss.
1123 1505 1161 1567 οὐ
1186 1503 1247 1584 γάρ
1263 1504 1310 1573 ὡς
1330 1501 1425 1583 ἔγωγ’
1450 1504 1535 1565 ίσοσί

305 1591 333 1654 α’
358 1591 392 1655 εἶ’
416 1592 502 1655 Pois.
527 1593 565 1654 οὐ
590 1594 650 1673 γάρ
674 1593 713 1664 α’,
742 1593 788 1662 ὡς
811 1593 916 1674 ἔγωγ’,
945 1596 1045 1657 ἴσασιν
1073 1591 1108 1656 εὖ
1137 1591 1231 1656 Dobr.
1265 1594 1304 1655 οὐ
1329 1592 1403 1674 γὰρ,
1432 1593 1478 1662 ὥς
1501 1591 1531 1654 σ’

305 1683 398 1762 ἔγωγ’
423 1681 606 1760 (10Ιῶςο
631 1681 752 1763 ἐγῷδ’),
782 1685 881 1746 ἴσασιν
909 1681 943 1746 εὖ
972 1682 1121 1746 Schmidt.
1161 1682 1219 1759 Qu.
1249 1683 1287 1744 οὐ
1312 1681 1372 1763 γὰρ
1396 1682 1443 1751 ὡς
1466 1683 1532 1763 ε’γιί)

305 1771 333 1832 α’
357 1772 458 1834 ἴσασιν
481 1768 516 1832 εὖ
540 1770 639 1850 (Hart.
664 1770 804 1849 Weckl.).

397 1860 489 1922 1071.
514 1859 636 1932 ξανδὸν
652 1858 706 1942 -]
731 1860 775 1924 01.
791 1859 817 1924 F
819 1881 841 1923 r.
859 1863 932 1940 322,
949 1864 976 1923 2.
993 1861 1101 1942 Ἔρως
1127 1898 1165 1906 -
1191 1861 1276 1942 φιλεῖ
1294 1861 1454 1940 κάτοπτρα
1478 1863 1532 1924 καὶ

304 1950 409 2030 κόμης
432 1949 637 2030 ξανδίσματα.

397 2039 489 2100 1073.
523 2039 566 2107 εἰς
597 2039 713 2108 κάλλος
746 2037 849 2120 ἀσκεῖ]
887 2039 930 2102 01.
954 2039 1022 2102 Tro.
1049 2040 1142 2101 1201.
1176 2041 1215 2102 οὐ
1248 2039 1309 2120 γὰρ
1341 2041 1385 2109 είς
1416 2039 1533 2110 κάλλος

305 2128 401 2208 τύχας
422 2128 425 2206 ]
447 2128 572 2209 δαίμων
597 2127 733 2191 δίδωσιν.
757 2128 839 2191 Xen.
863 2131 957 2208 11000.
983 2130 1057 2206 9,1.
1080 2136 1126 2210 τῷ
1150 2129 1184 2191 δὲ
1208 2130 1250 2198 εἰς
1274 2129 1389 2198 κάλλος
1411 2130 1473 2211 βίῳ
1497 2130 1533 2192 τὸ

305 2222 379 2297 φῶς
401 2217 523 2297 μᾶλλον
545 2218 670 2298 κόσμον
693 2219 849 2299 παρέχειν.
874 2217 946 2299 Cyr.
963 2217 1051 2280 VIII.
1071 2221 1097 2280 l.
1123 2221 1173 2279 33.
1198 2219 1277 2280 ἰδὼν
1302 2218 1330 2280 δ’
1353 2219 1393 2280 ἂν
1416 2219 1533 2286 αὐτοὺς

306 2307 417 2387 ήγήσω
440 2313 486 2387 τῷ
514 2307 578 2368 ὄντι
601 2307 644 2376 είς
666 2307 782 2376 κάλλος
805 2309 871 2388 ζῆν.
963 2307 1111 2388 διάγραφ’
1140 2307 1187 2376 ὡς
1215 2305 1315 2369 οὖσαν
1341 2307 1457 2391 κακήν]
1488 2307 1532 2370 01.

306 2395 346 2456 ad
361 2396 457 2458 Arist.
475 2393 546 2474 Lys.
565 2396 637 2458 676.
663 2397 832 2477 διαγράφω
855 2395 928 2466 τοὺς
951 2397 1073 2465 ἱππέας.
1097 2396 1213 2460 Herod.
1235 2395 1306 2459 VII.
1324 2398 1397 2458 214.
1421 2403 1533 2459 τοῦτον

306 2485 403 2546 αἴτιον
427 2485 552 2566 γράφω.

398 2574 491 2636 1074.
514 2573 673 2656 θύραισιν]
699 2574 781 2656 Lege
804 2576 948 2655 θύρασιν.

398 2663 491 2725 1077.
515 2664 637 2745 πατρῷ’
655 2663 694 2746 ἦν
710 2665 823 2746 εὐτυχῆ
839 2685 912 2727 mss.
935 2663 973 2726 τὰ
992 2663 1115 2744 Τρώων
1136 2665 1264 2746 εὐτυχοῖ
1276 2665 1393 2746 Musgr.
1410 2663 1532 2727 Schaef.

306 2749 426 2814 7700111.
466 2751 570 2815 Recte.

399 2841 491 2903 1078.
524 2844 742 2923 ξυννεφοῦσαν
775 2841 919 2926 ὄμματα]
957 2841 1024 2904 1010
1057 2843 1275 2923 συννὲφουσαν
1308 2877 1364 2902 -.
1414 2843 1455 2905 Et
1487 2845 1534 2905 sic

307 2929 447 2994 Cobetus
472 2929 508 2991 V.
525 2928 558 2991 L.
584 2951 610 3012 p.
635 2934 705 2992 134.
746 2931 789 2995 01.
807 2931 881 2994 Eur.
899 2931 946 2993 Fr.
965 2933 1038 3011 332,
1056 2935 1083 2994 7.
1100 2933 1185 2994 οὕτω
1210 2932 1245 2993 δὲ
1261 2933 1390 3013 θνητῶν
1406 2933 1532 3013 σπέρμα

306 3024 370 3081 τῶν
392 3019 452 3100 μὲν
475 3020 618 3101 εὐτυχεῖ]
639 3021 771 3101 λαμπρᾷ
794 3021 927 3102 γαλήνη,
951 3027 1015 3083 τῶν
1039 3021 1074 3083 δὲ
1092 3021 1237 3102 συννέφει
1254 3022 1309 3100 (ita
1325 3026 1363 3084 A.
1387 3028 1538 3101 συννεφεῖ

307 3107 402 3190 vulg.t
426 3109 528 3180 πάλιν,
553 3108 606 3170 ubi
630 3110 870 3172 intransitivum
894 3117 940 3170 est
962 3110 1114 3190 συννέφει.
1139 3111 1227 3173 etad
1246 3110 1418 3172 1111011111.
1438 3110 1533 3172 1002.

307 3198 508 3277 ἀπαιθριάζει
539 3197 593 3267 τὰς
625 3199 757 3279 νεφέλας
790 3202 809 3280 ή
843 3201 1003 3280 ξυννέφει,·
1041 3198 1088 3260 Fr.
1114 3201 1155 3260 46
1184 3198 1232 3260 ΒΙ.
1266 3198 1340 3260 Eur.
1370 3197 1451 3262 Med.
1481 3201 1533 3262 44.

307 3287 458 3367 συννεφὲς
481 3287 580 3367 ὄμμα.

400 3376 492 3438 1093.
516 3378 545 3438 εί
566 3376 595 3438 δ’
619 3376 782 3458 ἀμείψεται
807 3375 860 3458 -]
886 3377 930 3440 01.
955 3376 1038 3440 Med.
1058 3379 1150 3439 1267.
1174 3378 1227 3439 καί
1252 3377 1410 3459 δυσμενής
1432 3377 1534 3459 φόνος

308 3465 473 3547 ἀμείβεται.
499 3464 549 3528 Or.
575 3466 647 3527 070.
672 3467 760 3545 ἕτερα
786 3465 814 3528 δ’
838 3468 953 3545 ἑτέροις
977 3468 1135 3548 ἀμείβεται
1158 3468 1296 3547 πήματα.

399 3555 492 3616 1094.
517 3555 619 3634 φόνον
636 3554 788 3638 δικάζων]
813 3555 856 3618 01.
874 3556 966 3618 Herc.
986 3556 1078 3617 1150.
1103 3558 1221 3625 τέκνοις
1238 3555 1386 3637 δικαστής
1401 3556 1534 3636 αἵματος

308 3644 487 3724 γενήσομαι.
521 3642 628 3726 Suppl.
657 3645 748 3706 1215.
781 3646 928 3726 πατέρων
962 3645 1129 3708 θανόντων
1167 3644 1385 3718 ἐκδικάζοντες
1421 3645 1533 3726 φόνον.

307 3731 401 3814 Soph.
426 3732 460 3796 O.
477 3733 513 3796 R.
541 3733 633 3795 1214.

399 3822 492 3885 1097.
517 3825 536 3903 ἢ
561 3822 728 3906 εὐγένειον]
753 3821 872 3886 Eadem
897 3824 994 3886 erasis
1018 3829 1066 3886 est
1091 3824 1167 3884 Aah.
1193 3823 1269 3885 612.
1292 3826 1311 3904 ἢ
1335 3821 1534 3904 Εὐφορίδης.

353 3911 488 3993 εἰσιδὼν]
518 3911 708 3974 1100600001
737 3913 870 3974 videtur.
912 3911 1111 3994 Requiritur,
1139 3912 1173 3973 ni
1202 3911 1303 3992 101101,
1330 3912 1534 3994 participium

307 4000 428 4082 aliquid
451 4002 625 4080 θαυμάσας
648 4001 838 4082 significans.

400 4090 492 4152 1099.
516 4089 607 4173 λέχη]
636 4092 699 4171 ἔχει
727 4091 811 4154 Stob.
855 4091 937 4154 Fort.
966 4093 1046 4172 ἔχειν
1075 4099 1130 4152 aut
1157 4095 1277 4153 κακῶν.
1368 4089 1536 4171 σώφροσιν

308 4177 431 4262 δόμοις]
456 4176 515 4253 Qu.
539 4182 703 4261 σώφροσιν
724 4182 859 4262 βροτοῖς.

400 4268 492 4330 1100.
516 4269 593 4350 τύχη
619 4275 778 4348 γυναικῶν
803 4271 834 4338 ἐς
858 4271 981 4350 γάμους
1004 4289 1076 4332 mss.
1100 4269 1177 4350 τύχη
1201 4269 1312 4350 κυβεία
1328 4269 1361 4331 θ’
1386 4269 1417 4330 οί
1437 4267 1535 4349 γάμοι

308 4357 340 4420 F.
358 4355 407 4417 W.
431 4355 582 4419 Schmidt.
626 4357 684 4433 Qu.
712 4360 789 4441 τάχη
818 4359 853 4421 ιδ
876 4364 940 4420 πᾶν
968 4359 1028 4421 ἐστ’
1061 4359 1093 4427 ἐς
1121 4357 1252 4439 γάμους.
1292 4357 1352 4419 Vel
1376 4358 1453 4439 τύχη
1478 4381 1534 4437 γυ-

307 4447 405 4520 ναιξίν
438 4446 499 4528 (vel
524 4452 694 4528 γυναικῶν]
727 4449 756 4510 οἱ
780 4449 883 4529 γάμοι.
926 4447 984 4510 Vel
1015 4448 1092 4530 τύχη
1127 4452 1287 4528 γυναικῶν
1318 4447 1373 4516 τάς
1401 4446 1535 4528 γάμους.
