3496 5100
732 369 891 413 surrrroru
1360 352 1422 414 149

285 526 358 589 911.
383 526 427 590 Of.
453 526 521 590 Alo.
547 527 620 591 600.
643 526 679 589 τὸ
703 525 764 610 γὰρ
787 528 911 610 εὐγενὲς
934 529 1098 611 ἐκφέρεται
1120 528 1202 610 πρὸς
1225 530 1316 592 αἶόῶ.

286 617 358 679 915.
382 613 431 680 ῶν
453 617 598 699 μάθησιν
625 617 686 679 οὐκ
715 617 789 700 ἔχει]
817 615 866 681 ῶν
892 619 1034 701 μάθησις
1062 619 1096 681 ἐν
1117 619 1205 700 λόγῳ
1229 617 1359 702 Madvig
1382 639 1423 682 ox

192 703 387 768 Dumasooni
411 704 493 768 Flor.
518 725 545 787 p.
564 706 626 768 381
652 706 699 769 ed.
725 705 820 770 Gaisf.

285 795 358 857 916.
381 792 467 877 Lego
488 795 581 877 μάθῃ
606 815 679 859 oum
702 795 853 859 Elmsloio
878 795 916 859 od
941 795 976 858 Ο.
992 795 1028 859 R.
1055 798 1126 859 749.

286 883 357 946 917.
382 881 417 947 εὖ
440 883 615 968 παιδεύετε]
640 882 712 968 Lug.
736 883 962 949 εὗπαιθευτέα.
1002 884 1047 948 cf.
1064 886 1103 949 ad
1120 884 1214 970 Soph.
1231 885 1278 950 El.
1296 888 1325 949 2.
1365 886 1424 949 Vel

192 972 407 1036 εἰιπαιὸευτέα.

286 1081 359 1142 919.
383 1079 528 1163 ἔτρεφον]
545 1078 656 1143 Malim
671 1082 788 1162 ἔφερον
804 1100 877 1144 oum
894 1081 1029 1146 Joru'no.
1062 1081 1200 1147 011111.
1219 1082 1291 1145 761.
1308 1084 1424 1165 ἔφερον

193 1170 300 1251 ζώνης
316 1169 388 1232 ὕπο.
413 1170 527 1233 Aesch.
545 1169 620 1233 Cho.
638 1172 710 1233 992.
726 1171 847 1234 τέκνων
863 1171 969 1253 ἤνεγχ’
985 1172 1050 1233 ὑπο
1066 1172 1171 1254 ζώνης
1186 1173 1295 1254 βάρος.
1319 1172 1423 1255 Apoll.

192 1257 253 1321 Rh.
276 1257 324 1320 IV
326 1307 332 1319 .
360 1259 455 1322 1109.
479 1259 631 1343 γενέθλην
655 1258 728 1330 ὑπὸ,
742 1260 946 1342 σπλάγχνοισι
970 1262 1067 1342 φέρει.

285 1366 358 1430 920.
381 1365 504 1437 πόνους
527 1366 581 1451 -]
607 1366 651 1431 Of.
675 1365 759 1429 Med.
785 1368 880 1430 1031.
909 1366 1041 1450 στερρὰς
1069 1367 1230 1449 ἐνεγκοῦσ’
1259 1369 1292 1432 ἒν
1319 1367 1425 1438 τόκοις

193 1455 382 1539 ἀλγηδόνας.

286 1544 358 1608 926.
382 1543 631 1629 ἀναρπάσαντες]
655 1543 728 1628 Log.
752 1545 1005 1627 ἀφαρπάσαντες.

285 1634 358 1696 928.
382 1632 564 1716 Πολυνείκη
593 1634 701 1698 Elmsl.
740 1633 794 1697 “If
818 1635 870 1698 tho
898 1636 986 1698 Attio
1013 1637 1093 1697 form
1123 1636 1158 1698 of
1182 1635 1270 1699 thoso
1297 1654 1425 1699 accuso-

194 1723 276 1788 tivos
299 1722 454 1788 admitted
477 1723 530 1787 tho
559 1748 585 1804 ν,
618 1724 645 1786 11
671 1725 699 1786 is
726 1722 877 1806 proboblo
906 1723 972 1788 that
1000 1742 1087 1788 sorno
1115 1743 1222 1788 verses
1252 1724 1356 1788 would
1386 1723 1425 1788 be

193 1812 295 1876 found
318 1814 352 1875 in
376 1812 481 1876 which
505 1813 559 1877 tho
582 1837 600 1876 ν
623 1811 718 1876 could
742 1820 798 1877 not
819 1812 860 1876 bo
887 1813 1059 1897 expunged
1088 1814 1220 1878 without
1247 1814 1426 1898 producing

193 1921 235 1964 on
260 1902 415 1966 unlowful
439 1900 574 1965 hiatuS.”
598 1901 731 1982 (Elmsl.)
821 1901 864 1986 τε]
888 1900 963 1986 Log.
987 1903 1029 1966 ot.

285 1992 358 2054 938.
382 1990 563 2075 συμπήξας]
587 1989 661 2072 Lug.
685 1992 862 2074 συγχώσας.

285 2081 358 2144 945.
381 2080 480 2162 πικρὰ
505 2080 566 2162 γὰρ
590 2080 665 2162 ὄφις
688 2081 766 2163 αἷμα
790 2080 936 2144 κώτειλαὶ
963 2085 1089 2164 νεκρῶν
1109 2080 1208 2164 Toup.
1240 2080 1339 2164 πικρὰ
1364 2081 1424 2164 γὰρ

193 2171 269 2252 ὄψις
296 2170 459 2251 στομάτων
485 2169 570 2232 πέλει
596 2175 722 2251 νεκρῶν
749 2170 878 2234 Fuohso.
912 2207 953 2216 -
982 2175 1099 2252 χρῶμα
1128 2170 1273 2233 κώτειλαὶ
1300 2176 1425 2251 νεκρῶν

192 2259 349 2343 Hartung.
373 2257 484 2340 πικραὶ
507 2257 569 2342 γὰρ
592 2260 683 2340 ὄφεις
705 2259 806 2341 κάρτα
830 2261 981 2341 τώγγενεῖ
1000 2265 1125 2341 νεκρῶν
1148 2259 1181 2322 F.
1197 2258 1247 2323 W.
1272 2259 1423 2324 Schmidt.

285 2367 357 2429 947.
381 2365 559 2449 τλημόνως]
584 2366 789 2430 Potiontor.
812 2365 1211 2449 τλήμονος11111111Β101111.
1251 2365 1294 2429 cf.
1311 2366 1424 2430 Aesoh.

194 2455 269 2520 Cho.
296 2456 368 2519 746.
392 2455 429 2518 τὰ
452 2455 513 2537 μὲν
536 2453 597 2537 γὰρ
620 2455 698 2518 ἄλλα
721 2456 888 2538 τλημόνως
910 2456 1044 2538 ἤντλουν
1067 2457 1160 2518 κακά.

286 2565 358 2626 949.
384 2564 462 2626 ὀστᾶ
493 2561 706 2646 προσάξεοθῚ
739 2563 817 2626 ὀστᾶ
850 2562 1027 2636 ’πούέξεσθ’
1038 2565 1069 2642 (1)
1097 2561 1212 2626 Nabor.
1257 2563 1302 2626 cf.
1330 2563 1423 2625 1100.

194 2651 362 2736 προσήγετ’
379 2653 427 2716 ἀεὶ
443 2652 581 2733 στόματι.
600 2653 695 2715 1159.
786 2650 815 2715 ὦ
830 2652 1025 2733 ταλαίπωροι
1040 2653 1176 2734 βροτῶν,
1199 2653 1228 2714 τί
1242 2651 1295 2734 -]
1312 2651 1424 2715 Malim

193 2741 224 2806 ῶ
246 2743 440 2823 ταλαίπωροι
463 2741 584 2824 βροτοὶ,
608 2742 671 2804 nisi
694 2742 800 2824 potius
816 2742 1039 2824 corrigendum
1063 2743 1097 2804 οἳ
1116 2761 1173 2824 pro
1196 2764 1223 2803 τι
1238 2741 1272 2803 in
1289 2761 1378 2824 prox.
1396 2761 1423 2804 v.

194 2831 239 2894 Of.
265 2833 338 2895 744.
362 2829 391 2894 ὦ
414 2831 500 2893 κενοὶ
523 2832 650 2913 βροτῶν
670 2829 674 2914 Ι
695 2833 729 2894 οἳ
750 2868 804 2894 -.

285 2921 358 2983 950.
382 2921 411 2982 τί
432 2919 486 3002 -]
511 2919 584 3002 Lug.
609 2922 643 2982 οἳ
663 2959 718 2982 --.
759 2919 803 2984 01.
827 2919 867 2982 ad
892 2919 966 2982 949.

285 3011 358 3073 951.
380 3008 544 3072 παύσασθ’
572 3009 655 3072 ὅπλα
683 3010 832 3091 ῥίψαντες
858 3009 969 3073 πόνων
993 3008 1026 3072 F.
1043 3006 1092 3070 W.
1117 3007 1268 3072 Schmidt.
1360 3009 1422 3074 Pro

194 3099 272 3163 ἀλλὰ
320 3120 349 3162 u.
374 3095 445 3162 ελτα.

286 3119 358 3251 952.
383 3189 459 3270 ἄστη
484 3186 671 3270 φυλάσσεθ’]
697 3185 755 3262 Qu.
781 3225 821 3232 -
846 3187 967 3250 τούτων
991 3185 1118 3269 θιαζῆθ
1142 3187 1202 3267 (vel
1226 3187 1400 3269 βιώσεοθ).

285 3295 358 3358 953.
383 3293 519 3376 σμικρὸν
542 3293 577 3356 τὸ
600 3300 710 3376 χρῆμα
732 3301 788 3357 τοῦ
811 3293 896 3376 βίου]
926 3294 969 3357 Cf.
993 3294 1089 3357 Horo.
1115 3295 1187 3357 503.
1212 3293 1288 3365 ἀλλ’,
1315 3291 1345 3357 ὦ
1373 3296 1423 3376 γέ-

195 3409 315 3466 ροντες,
340 3383 458 3466 σμικρὰ
481 3383 541 3464 μὲν
564 3382 600 3445 τὰ
624 3389 680 3446 τοῦ
704 3385 789 3466 βίου·
811 3387 815 3464 Ι
835 3389 946 3447 τοῦτον
971 3383 1000 3445 θ’
1024 3384 1115 3453 ὅπως
1138 3384 1247 3465 ἥδιστα
1273 3384 1423 3466 διαπερά-

195 3499 262 3537 σετε
282 3473 286 3556 Ι
307 3475 342 3547 ἐξ
365 3474 487 3556 ἡμέρας
510 3473 542 3542 ἒς
565 3473 662 3536 νύκτα
685 3473 731 3555 μὴ
756 3472 957 3553 λυπούμενοι.
982 3471 1055 3554 Lys.
1080 3474 1173 3535 1085.
1195 3472 1366 3555 ἀσκητικὸν
1388 3473 1423 3537 τὸ

194 3569 303 3645 χρῆμα
327 3568 383 3626 τοῦ
411 3563 598 3644 νοσήματος.
628 3562 721 3644 Vesp.
747 3563 819 3624 933.
856 3559 914 3636 Qu.
943 3562 1079 3644 σμικρόν
1105 3563 1135 3624 τί
1161 3600 1216 3624 -.
1256 3559 1299 3624 Cf.
1323 3563 1423 3625 Andr.

198 3654 269 3716 181.
294 3651 472 3733 ἐπίφθονόν
499 3674 525 3713 τι
553 3650 631 3732 (rot)
654 3657 763 3734 χρῆμα
793 3651 932 3732 θηλειῶν
960 3653 1029 3732 ἔφυ.
1060 3653 1132 3712 959.
1159 3651 1262 3732 σοφόν
1288 3675 1315 3713 τι
1344 3651 1423 3730 (rot)

194 3749 304 3824 χρῆμα
326 3747 383 3804 τοῦ
408 3741 593 3813 ὅιθάξαντος
617 3745 674 3803 eto.
714 3741 765 3802 Ad
790 3739 1164 3804 1111115111911111111410.
1189 3741 1236 3802 ἀεὶ
1252 3739 1286 3802 τὸ
1302 3740 1424 3804 λυποῦν

195 3831 360 3894 ἀποθίωκε
382 3835 437 3893 τοῦ
460 3831 546 3911 βίου·
568 3829 572 3910 Ι
592 3830 709 3911 μικρόν
731 3853 757 3892 τι
780 3829 815 3892 τὸ
838 3830 911 3912 βίου
934 3829 964 3910 (ὁ
986 3830 1088 3912 βίοςθ)
1110 3829 1164 3892 καὶ
1185 3827 1292 3892 στενὸν
1316 3830 1422 3908 (κώλί-

195 3920 285 4002 γονῖ)
309 3923 417 4000 ζῶμεν
440 3918 566 4001 χρόνον.

286 4011 358 4072 963.
384 4009 549 4090 θυσχίμαιν
573 4006 619 4069 Bl.
645 4007 683 4070 ud
709 4007 794 4071 Poro.
820 4008 892 4068 573.
917 4013 948 4069 ot
972 4007 1003 4068 iu
1029 4027 1057 4067 v.
1082 4011 1144 4070 ant.
1168 4008 1294 4090 ἔχουσα.

287 4099 358 4162 967.
384 4096 632 4180 θυοτηνοτύτως]
649 4097 879 4160 θυστανοτάταν
897 4134 936 4142 -
953 4102 1070 4177 μοῖραν
1086 4095 1194 4159 Elmsl.
1234 4096 1291 4173 Qu.
1310 4097 1421 4161 θυοτα-

195 4211 344 4257 νοτατως.

286 4278 358 4340 968.
383 4277 417 4338 ἕν
440 4281 504 4346 τοῖς
526 4275 707 4359 φθιμένοις]
733 4273 790 4350 Qu.
815 4276 848 4338 ἐν
871 4275 1117 4356 καπφθιμένοις.

287 4367 359 4430 969.
384 4367 448 4428 οἵτ’
473 4365 506 4428 ἐν
530 4367 627 4438 ζῶσιν
644 4370 750 4428 111υ1111
766 4364 875 4428 Elmsl.
901 4363 1083 4446 Musgravio
1100 4364 1322 4447 ἀριθμουμένη
1339 4365 1422 4445 glos-

195 4475 284 4520 sema
307 4455 347 4519 ad
370 4455 542 4538 κρινομένη
567 4453 760 4538 adscriptum
785 4453 924 4536 videtur,
947 4459 984 4516 ut
1006 4460 1038 4517 ot
1059 4451 1226 4534 Etrusloio,
1255 4456 1310 4537 qui
1341 4457 1424 4517 iutor
