3496 5100
767 357 924 403 smmum
1395 339 1457 402 139

321 519 394 580 454.
420 517 545 600 όάκρυα
575 517 603 581 d’
632 516 846 601 ἑτοιμάζουσι]
881 517 1005 599 θάκρυα
1039 517 1074 581 dd
1106 524 1170 588 τοῖς
1198 518 1319 581 όιὸοῦσι
1348 517 1457 582 Elmsl.

232 606 357 689 δάκρυα
386 607 421 670 dd
448 613 513 677 τοῖς
540 608 679 681 σώζουσι
706 607 820 672 Blomf.
858 607 940 671 Fort
966 607 1091 689 δάκρυά
1120 610 1147 690 γ’
1177 645 1228 668 -.
1274 608 1397 690 ὁόκρυα
1423 608 1457 670 δὲ

230 703 295 766 τοῖς
316 703 441 760 τεκοῦσι
460 697 572 759 Markl.
592 696 715 760 Wilam.
742 698 865 780 όάκρυα
891 698 919 761 d'
943 699 1051 779 ἑτοῖμα
1075 699 1181 760 σοῦστι
1203 697 1328 761 Munro.
1410 698 1456 779 μὴ

231 786 320 868 ζῴην
347 785 400 870 ἔτι]
428 786 475 868 μὴ
505 786 594 868 ζῴην
621 786 685 868 ἐγὼ
712 785 802 849 Hart.
828 787 954 850 Wilam.
993 790 1037 850 At
1060 787 1096 849 cf.
1121 785 1172 850 Or.
1199 787 1294 849 1146.
1322 787 1367 868 μὴ
1397 785 1457 868 γὰρ

231 873 290 938 οὖν
313 876 401 958 ζῴην
424 877 480 948 ἔτι,
501 877 505 957 Ι
527 877 555 938 εί
574 875 620 958 μὴ
646 914 700 938 -.
724 877 822 939 Arist.
845 874 928 940 Nub.
955 877 1048 938 1255.
1072 877 1182 958 μηκέτι
1206 876 1294 958 ζῴην
1318 877 1390 957 ἐγώ.

320 966 394 1028 455.
418 965 622 1050 νυμφεύεται]
656 964 768 1029 Malim
800 967 1018 1048 νυμφεύσεται.
1061 965 1102 1029 Et
1134 966 1179 1028 sio
1211 964 1320 1028 Elmsl.
1347 963 1457 1029 Herm.

230 1054 336 1118 Recte.
376 1053 422 1118 cf.
440 1053 491 1118 Or.
511 1055 605 1118 1152.
628 1055 673 1138 μὴ
699 1054 759 1137 γὰρ
784 1053 842 1118 οὖν
865 1056 954 1138 ζῴην
976 1057 1032 1127 ἔτι,
1053 1055 1058 1136 ]
1079 1056 1107 1117 εί
1126 1055 1171 1137 μὴ
1198 1054 1241 1117 ’πὶ
1264 1055 1349 1137 κείνῃ
1374 1055 1456 1137 φάσ-

232 1167 330 1225 γανον
353 1144 486 1207 σπόσω
510 1145 609 1226 ξίφος.

322 1235 395 1297 456.
419 1233 502 1316 πρὸς
524 1233 604 1318 τόδ’]
628 1234 698 1298 Imo
721 1233 803 1316 πρὸς
826 1233 861 1296 τὰ
886 1235 915 1297 σ’
938 1235 1008 1315 (σά).
1100 1223 1295 1316 ἐξηκόντισα]
1320 1231 1364 1296 Of.
1387 1233 1456 1296 Tro,

235 1325 306 1385 l44.
341 1324 370 1385 τί
403 1323 478 1392 τοὺς
506 1321 689 1394 Ὀδυσσέως
718 1324 909 1398 ἐξακοντίζω
946 1325 1083 1398 πόνους,·
1119 1323 1207 1406 Trag.
1236 1323 1353 1406 Adesp.
1382 1325 1456 1385 442.

231 1412 363 1495 αἰσχρόν
387 1413 415 1494 γ’
439 1413 514 1477 ὅταν
538 1437 582 1483 τις
605 1449 646 1461 -
672 1413 797 1495 γλώσσῃ
821 1414 975 1495 ματαίους
998 1412 1179 1495 ἔξακοντίσγγ
1204 1412 1327 1494 λόγους.

319 1503 393 1565 458.
419 1505 555 1584 ’πεμψεν
578 1502 678 1584 πόλις]
704 1501 762 1578 Qu.
789 1503 900 1584 ’πεμψ’
923 1505 943 1585 ἦ
967 1502 1064 1572 πόλις.

320 1591 394 1655 463.
419 1592 501 1674 ὁιόῴ
523 1591 642 1676 καλῶς]
666 1592 689 1655 Ι.
708 1612 735 1674 q.
761 1591 841 1674 όιόῷ
864 1590 899 1656 εὗ
924 1590 969 1672 (εὖ
994 1591 1094 1673 dmm).

320 1681 394 1744 466.
418 1681 489 1762 ἐμοὶ
513 1681 548 1744 dd
563 1680 678 1765 τάντία]
698 1681 769 1762 ἐμοὶ
786 1681 820 1744 dd
836 1681 991 1762 τᾶμπαλιν
1007 1683 1098 1764 (conj.
1117 1679 1251 1759 Nauck.)
1268 1685 1322 1743 aut
1337 1681 1456 1762 θάτερα

230 1769 280 1832 W.
304 1769 470 1833 Headlam.
508 1771 579 1852 ἐμοὶ
613 1769 642 1833 θ’
670 1771 791 1833 ἐναντία
820 1769 934 1834 Heath.
964 1769 1074 1833 Markl.
1099 1775 1155 1832 etc.
1192 1770 1263 1851 ἐμοὶ
1291 1768 1326 1833 δὲ
1353 1770 1456 1832 τάντία

230 1858 339 1922 Herm.
363 1857 451 1924 Pors.
491 1859 549 1936 Qu.
573 1859 644 1942 ἐμοὶ
668 1859 696 1922 d’
720 1861 855 1933 ἐναντία,
885 1860 935 1923 vel
959 1859 1030 1942 ἐμοὶ
1054 1859 1089 1922 δὲ
1111 1860 1228 1931 τάντία,
1253 1859 1304 1922 vel
1327 1859 1398 1941 ἐμοὶ
1422 1859 1458 1923 δέ

231 1948 259 2029 γ’
283 1947 324 2011 αὖ
347 1949 429 2012 wide.
469 1947 512 2011 Of.
529 1949 597 2012 Alc.
616 1949 689 2011 529.
712 1949 750 2012 σὺ
774 1949 848 2032 τῇόε
868 1951 995 2030 κρίνεις,
1014 1947 1195 2031 Ἡράκλεις,
1219 1948 1305 2030 κείνῃ
1331 1948 1359 2011 d’
1383 1949 1456 2030 ἐγώ.

231 2037 283 2102 Or.
309 2039 381 2100 915.
406 2038 491 2120 ἔλεγε
514 2038 590 2120 τῴό’
614 2039 744 2101 ἐναντία.
768 2037 851 2102 Med.
871 2039 964 2102 1351.
988 2037 1087 2101 Even.
1112 2058 1159 2122 ap.
1180 2037 1265 2101 Stob.
1289 2036 1388 2102 Serm.
1405 2039 1456 2102 80.

230 2125 324 2210 Soph.
348 2130 397 2210 Aj.
423 2129 517 2191 1039.

320 2218 393 2280 468.
417 2215 573 2300 παριέναι]
599 2217 635 2279 V.
659 2216 769 2281 Elmsl.
792 2217 832 2280 ad
854 2218 930 2281 Her.
956 2218 1028 2280 154.

320 2307 393 2369 469.
417 2308 446 2370 εί
467 2305 496 2369 d’
520 2307 599 2369 ἔστιν
627 2307 660 2370 ἐν
686 2306 735 2391 τῇ]
765 2309 793 2370 εἰ
819 2306 848 2370 θ’
876 2309 937 2370 ἔστι
964 2307 1038 2389 τῇόε
1061 2305 1188 2371 Faehse.
1222 2307 1255 2368 έν
1283 2313 1323 2389 γῇ
1350 2307 1455 2371 Reisk.

230 2395 341 2458 Markl.
365 2393 474 2459 Elmsl.
498 2395 619 2460 Weckl.
657 2395 740 2460 Fort.
764 2398 793 2459 εί
814 2397 843 2459 d'
867 2398 928 2459 ἔστι
951 2397 1032 2479 τῇδε.

320 2485 393 2549 471.
415 2485 504 2568 τῆσδ’
529 2483 714 2568 ἐξελαύνειν]
742 2486 831 2550 Haec
858 2505 893 2550 se
915 2504 982 2548 non
1004 2485 1182 2567 intelligere
1205 2485 1319 2548 fatetur
1346 2483 1455 2548 Elmsl.

229 2573 324 2638 Tacet
347 2574 385 2640 de
408 2577 448 2638 iis
471 2573 647 2638 Markland.

319 2665 393 2726 472.
416 2663 608 2747 προσήκοντ’
632 2663 738 2748 οὐδὲν]
764 2663 808 2729 Cf.
832 2663 898 2728 Ion.
915 2665 989 2727 434.
1029 2662 1140 2727 Malim
1163 2670 1329 2746 προσῆκον
1353 2664 1455 2727 οὐδέν.

319 2753 393 2816 478.
417 2753 588 2836 σφριγῶντ’
612 2754 648 2816 ἐκ
671 2753 865 2836 βραχιόνων]
896 2751 941 2816 Cf.
965 2751 1128 2836 Hermipp.
1152 2752 1192 2816 Π.
1217 2755 1291 2816 402.
1314 2754 1400 2836 κόμῃ
1424 2778 1456 2817 τε

230 2849 358 2926 νεανικῇ
378 2843 383 2925 Ι
404 2845 526 2925 σφρίγει
548 2867 580 2906 τε
602 2844 793 2926 βραχιόνων.
817 2843 912 2906 Arist.
929 2841 1012 2906 Nub.
1031 2843 1103 2906 799.
1127 2844 1306 2924 εὐσωματεῖ
1325 2843 1385 2925 γὰρ
1402 2843 1456 2906 καί

230 2939 356 3014 σφριγᾷ.
389 2932 462 3015 Lys.
492 2933 543 2996 80.
572 2933 618 3003 ὡς
647 2931 674 2995 d’
704 2934 857 3014 εὐχροεῖς,
893 2932 939 3001 ὡς
972 2932 1007 2995 dd
1039 2940 1158 3014 σφριγᾷ
1189 2932 1224 2996 τό
1257 2934 1352 3014 σῶμά
1387 2956 1454 2996 σου.

231 3045 491 3175 Ριθθιθθθθλέἀν
505 3021 678 3182 τιςμῖθλιθλ
693 3019 1455 3194 pldyodtdvvffig’lryffddgqtydvvddgoddfflg[0298de

229 3201 290 3282 βίᾳ.
324 3200 410 3264 Com.
435 3219 528 3264 anon.
552 3201 608 3264 IV.
633 3202 706 3263 654.
734 3205 798 3263 τῶν
826 3201 1035 3283 σφριγώντων
1062 3201 1096 3263 έν
1123 3200 1236 3283 λόγοις.
1268 3201 1383 3266 Incert.
1407 3221 1454 3284 ap.

230 3289 325 3352 schol.
349 3288 429 3354 Ven.
454 3290 494 3352 ad
517 3289 553 3353 Il.
581 3291 608 3368 l,
625 3290 698 3353 207.
727 3295 907 3371 σφριγῶντα
936 3289 1045 3371 θυμὸν
1071 3291 1217 3372 μαλακὸς
1244 3291 1325 3353 ι’ᾶται
1352 3290 1454 3371 λόγος.

230 3466 251 3530 S
274 3379 310 3441 ἐκ
333 3379 527 3464 βραχιόνων]
544 3380 578 3441 ἐν
592 3381 708 3462 βραχεῖ
719 3379 806 3460 λόγῳ
822 3378 911 3442 Ηαῑί.
936 3378 1090 3462 ἢτραχὺν
1109 3379 1205 3462 λόγον
1221 3386 1338 3445 temere
1355 3380 1387 3443 F.
1405 3379 1454 3444 W.

252 3468 381 3531 chmidt.

317 3558 391 3621 482.
415 3557 465 3622 ἔθ’
482 3557 591 3642 αὑτοῦ]
609 3557 660 3640 ἐφ’
676 3559 775 3621 αὑτοῦ
792 3558 865 3636 (fiir
888 3559 994 3622 seine
1010 3559 1164 3641 person)
1179 3557 1212 3623 F.
1226 3559 1275 3623 W.
1293 3557 1454 3640 Schmidt„

229 3645 298 3709 coll.
321 3646 418 3710 Thuc.
435 3647 490 3709 VI.
507 3647 558 3710 40.
577 3651 604 3710 3.
629 3647 706 3731 αὐτὴ
733 3647 761 3710 θ’
786 3647 836 3729 ἐφ’
860 3649 972 3731 ἑαυτῆς
995 3654 1161 3711 σκοποῦσα
1185 3649 1258 3718 τοὺς
1281 3648 1453 3729 λόγους-

229 3741 331 3817 κρινεῖ.
356 3743 414 3801 etc.
460 3736 532 3800 Non
556 3738 719 3801 assentior.

316 3827 391 3888 484.
404 3825 492 3907 ,παρ’
516 3825 619 3910 ὄμμα]
644 3824 703 3901 Qu.
720 3825 787 3889 κατ’
804 3827 908 3908 ὄμμα,
934 3827 1018 3890 utin
1034 3827 1133 3889 Andr.
1152 3827 1246 3890 1040.
1270 3827 1363 3891 RhOS.
1380 3829 1454 3890 418.

318 3915 391 3978 487.
415 3916 469 3979 καὶ
493 3915 528 3977 τὰ
552 3916 672 3998 χρηστὰ
696 3916 749 3979 καὶ
772 3915 870 3999 κακοὶ]
894 3917 1024 3998 θατέρῳ
1048 3915 1082 3980 δὲ
1105 3916 1264 3998 χρώμεθα
1289 3917 1454 3999 Gomperz.

228 4003 281 4066 καί
308 4004 344 4066 τὰ
373 4003 492 4088 χρηστὰ
520 4006 573 4069 καί
601 4005 683 4068 καλὰ
711 4003 815 4070 Reisk.
858 4003 942 4088 Lego
970 4007 1023 4068 καί
1050 4006 1086 4067 τὰ
1115 4005 1234 4088 χρηστὰ
1263 4006 1317 4068 καί
1343 4005 1380 4068 τό
1407 4007 1453 4088 μὴ

229 4097 295 4176 (pro
319 4096 423 4174 κακά).
464 4095 628 4158 Glossema
652 4101 699 4158 est
721 4095 806 4158 κακὰ
831 4096 869 4158 ad
893 4095 929 4158 τὰ
952 4095 998 4178 μὴ
1023 4095 1225 4179 adscriptum.

317 4184 391 4246 490.
414 4181 562 4247 Ποιναῖσι
579 4183 620 4267 θ’]
637 4190 783 4265 φοναῖσιν
807 4183 838 4246 O.
856 4183 966 4248 Matth.
989 4185 1130 4266 τόλμαισι
1153 4184 1181 4247 θ’
1198 4183 1230 4247 F.
1240 4183 1291 4246 W.
1302 4183 1453 4247 Schmidt.

229 4271 327 4352 γόοισι
351 4271 436 4336 Stob.
460 4273 546 4356 prob.
571 4273 694 4354 Elmsl.‚
727 4275 783 4356 qui
813 4275 934 4338 confert
962 4272 1043 4337 Med.
1068 4274 1139 4336 195.
1168 4274 1236 4336 Alc.
1262 4274 1454 4337 350-354.

229 4361 287 4438 Qu.
311 4359 479 4426 Πλούτωνι
504 4361 542 4436 θ’,
566 4363 618 4426 vel
640 4365 745 4446 potius
768 4363 933 4445 πολέμοισι
957 4364 986 4427 d’
1010 4367 1076 4444 (aut
1097 4363 1229 4445 μάχαισι
1253 4363 1301 4444 ό’].
1384 4363 1452 4445 τέρ-

227 4451 318 4514 πεταί
339 4449 376 4536 τ’]
401 4449 474 4536 Leg.
498 4453 639 4536 τέρπεται
664 4453 701 4515 d’.
