3442 5106
339 349 380 410 22
898 366 1000 410 usum

429 527 503 590 354.
528 526 567 589 οὐ
599 524 735 608 ψευδὴς]
768 523 913 607 ἀψευδὴς
945 525 1019 587 libri
1053 525 1181 608 aliquot.
1216 524 1333 607 Musgr.
1367 522 1476 587 Elmsl.
1517 523 1562 588 cf.

338 614 433 679 Herc.
460 616 553 677 1315.
577 615 698 678 ἀοιδῶν
721 617 807 696 εἴπερ
831 615 981 696 ἀψευδεῖς
1004 615 1054 696 (οὐ
1070 614 1198 697 ψευδεῖς
1215 614 1312 697 vulg.)
1327 614 1423 694 λόγοι.
1463 612 1507 677 Of.
1524 613 1564 676 ad

339 705 442 768 Prom.
469 705 540 768 185.

429 795 501 857 355.
523 793 613 877 μίμν’
637 793 688 876 ἐφ’
712 792 847 877 ἡμέραν]
872 792 945 876 Leg.
969 792 1058 876 μίμν’
1082 794 1132 856 ἔθ’
1156 794 1287 875 ἡμέραν.

428 883 501 946 360.
525 890 653 965 σωτῆρα
676 882 801 966 κακῶν]
826 882 871 946 Of.
895 881 989 965 Suph.
1014 881 1077 946 OR.
1104 883 1176 944 779.
1200 883 1345 965 σωθῆναι
1369 888 1488 945 κακῶν.

428 972 501 1035 363.
526 972 570 1036 01.
594 973 687 1055 Soph.
712 971 885 1036 001476.
910 973 1029 1035 ἄνακτα
1053 973 1163 1054 χώρας
1186 972 1280 1054 τῆσδέ
1302 996 1345 1042 τις
1368 973 1564 1053 πορευοάτω.

429 1061 500 1125 365.
525 1061 592 1125 ἀλλ’
616 1063 683 1126 οὔτι
705 1063 800 1144 ταύτῃ
826 1060 880 1144 -]
905 1061 949 1125 Cf.
973 1061 1068 1145 Hipp.
1092 1063 1144 1124 41.
1168 1061 1234 1124 ἀλλ’
1263 1062 1329 1124 οὔτι
1356 1062 1450 1144 ταύτῃ
1480 1061 1564 1124 τόνδ’

338 1153 441 1234 ἔρωτα
469 1152 530 1234 χρὴ
554 1157 667 1214 πεσεῖν.
703 1151 815 1213 Aesch.
840 1150 944 1214 Prom.
970 1152 1042 1214 510.
1072 1151 1111 1214 οὐ
1138 1155 1234 1214 ταῦτα
1261 1152 1357 1233 ταύτῃ
1385 1152 1482 1233 μοῖρά
1510 1175 1564 1214 πω

337 1241 552 1324 τελεσφόρος]
573 1246 686 1323 κρᾶναι
709 1242 882 1321 πέπρωται.
906 1241 1002 1303 Arist„
1029 1240 1085 1322 Eq.
1111 1242 1183 1303 843.
1208 1241 1283 1313 οὐκ,
1312 1238 1452 1322 ὦγαθοί,
1480 1240 1564 1303 ταῦτ’

338 1331 402 1393 ἔστί
422 1354 475 1393 πω
498 1331 593 1412 ταύτῃ
616 1329 662 1412 μά
685 1329 740 1392 τὸν
763 1328 923 1392 Ποσειδῶ.
950 1329 993 1392 ΡΙ.
1011 1331 1084 1393 399.
1108 1331 1169 1392 οὐκ
1193 1331 1253 1392 ἔστι
1276 1353 1330 1392 πω
1353 1330 1390 1392 τά
1406 1329 1565 1411 πράγματ’

338 1421 372 1482 ἐν
394 1420 505 1499 τούτῳ.
530 1417 653 1482 Ennius
675 1439 722 1501 ap.
739 1418 803 1482 Cic.
820 1418 859 1483 de
875 1419 913 1482 N.
937 1418 974 1482 D.
991 1419 1048 1482 III.
1066 1420 1116 1482 26.
1140 1421 1357 1500 ‘nequaquam
1381 1421 1462 1482 istuc
1486 1421 1565 1482 istuc

339 1506 418 1572 ibit'.
458 1508 1313 1591 0011301111άλλόὔτιπωταῦταταότγγ,μὴδοκεῖτε.
1353 1506 1565 1592 (11.11118ορ11.

430 1687 503 1749 368.
526 1687 596 1750 ποτ’
620 1689 660 1750 ἂν
683 1686 718 1748 Β.
743 1687 799 1769 (C.)
838 1686 943 1750 Recte.
1035 1687 1139 1756 δοκεῖς
1163 1686 1223 1768 γάρ
1249 1686 1319 1770 -,·]
1344 1686 1388 1749 cf.
1406 1687 1565 1770 8ορ11.Αγ’.

342 1777 435 1840 1082.
459 1777 573 1859 ταύτην
597 1777 705 1858 νόμιζε
727 1776 783 1857 τὴν
806 1775 897 1838 πόλιν
920 1776 1029 1858 χρόνῳ
1052 1777 1121 1840 ποτ’
1146 1778 1185 1838 ἂν
1208 1776 1295 1854 (ποτὲ
1319 1775 1392 1839 libri
1415 1782 1447 1840 ut
1469 1775 1565 1858 vulg.)

341 1903 381 1910 —
406 1872 519 1928 πεσεῖν.
552 1867 648 1929 Arist.
672 1866 726 1928 Th.
752 1867 824 1927 533.
848 1866 922 1928 τάδε
946 1866 1006 1947 γάρ
1034 1867 1129 1929 εἰπεῖν
1152 1866 1206 1928 τὸν
1229 1871 1413 1946 πανοῦργον
1438 1903 1478 1912 -
1504 1867 1565 1928 οὐκ

339 1957 378 2016 ἂν
401 1955 516 2037 ᾠόμην
539 1956 572 2018 ἐν
595 1957 670 2037 ἡμῖν
691 1955 695 2039 ]
716 1955 792 2018 οὐδὲ
815 1955 968 2037 τολμῆσαί
990 1954 1060 2017 ποτ’
1084 1956 1131 2018 ι’ίν.

430 2043 503 2108 369.
527 2046 555 2107 εἰ
574 2046 620 2127 μή
644 2069 671 2106 τι
693 2044 923 2125 κερδαίνουσαν
940 2043 993 2126 -]
1018 2043 1154 2107 “Rarius
1174 2044 1259 2127 εἰμὴ
1277 2063 1348 2106 cum
1367 2043 1567 2128 pa1·ticipi0”,

339 2134 384 2196 ait
406 2131 514 2196 Elmsl.
554 2133 598 2196 Of.
622 2135 718 2197 Arist.
743 2133 825 2196 Nub.
851 2135 923 2196 220.
953 2134 991 2196 οὐ
1020 2134 1080 2216 γάρ
1108 2135 1147 2196 όν
1174 2158 1251 2196 ποτε
1270 2135 1275 2214 Ι
1296 2135 1431 2216 ἐξηῦρον
1454 2134 1566 2214 ὀρθῶς

338 2222 375 2284 τὰ
398 2224 543 2304 μετέωρα
560 2224 743 2304 πράγματα,
765 2222 769 2303 l
790 2224 823 2286 εί
843 2223 892 2306 μὴ
917 2225 1114 2304 κρεμάσας
1139 2221 1175 2286 τὸ
1200 2223 1304 2305 νόημα
1324 2223 1377 2285 καί
1392 2223 1448 2305 τὴν
1463 2247 1564 2305 φρον-

337 2312 406 2374 τίδα
428 2313 432 2394 Ι
452 2311 566 2394 λεπτὴν
588 2313 797 2394 καταμίξας
820 2313 863 2382 είς
878 2312 932 2374 τὸν
948 2313 1062 2394 ὅμοιον
1077 2312 1164 2394 ἀέρα.
1189 2310 1278 2376 Dem.
1296 2311 1419 2376 XXIV.
1436 2314 1487 2374 40.
1505 2313 1565 2374 οὐκ

339 2402 403 2465 ἐῶν
426 2402 547 2484 (νόμος)
570 2401 641 2485 περὶ
663 2407 728 2464 τῶν
751 2401 872 2483 ἀτίμων
892 2401 990 2482 λέγειν
1005 2403 1045 2465 ἂν
1061 2403 1100 2482 (εί
1104 2404 1129 2482 P)
1152 2402 1197 2484 μὴ
1214 2409 1269 2484 τῆς
1285 2402 1391 2472 ἀδείας
1408 2401 1565 2485 δοθείσης.

430 2491 503 2553 373.
527 2490 663 2574 ἀφῆκεν]
688 2489 796 2553 Malim
820 2491 946 2572 ἐφῆκεν.

429 2579 501 2644 377.
525 2580 632 2664 ὁποίᾳ]
656 2581 738 2644 Fort.
762 2580 883 2642 ὁποίαν.

429 2671 502 2733 381.
526 2671 559 2732 ἕν
582 2671 610 2732 τί
630 2693 686 2751 μοι
708 2668 892 2753 πρόσαντες]
918 2669 962 2733 Cf.
988 2670 1060 2732 305.
1090 2671 1142 2734 Or.
1168 2671 1240 2732 788.
1268 2669 1353 2732 κεῖνό
1380 2693 1436 2752 μοι
1463 2669 1566 2752 μόνον

338 2759 519 2840 πρόσαντες.
543 2758 636 2822 Herc.
656 2761 749 2822 1386.
773 2761 807 2822 ἕν
829 2783 885 2842 μοι
907 2783 934 2820 τι
957 2760 1108 2841 σόγκαμε.
1132 2759 1246 2842 Ιρ11.’1’.
1266 2759 1359 2822 1012.
1399 2759 1565 2841 Nusquam

339 2847 415 2911 alibi
439 2848 556 2930 legitur
579 2868 641 2910 vox
665 2849 844 2930 προσάντης
867 2848 951 2930 apud
975 2851 1117 2926 tragicus.

430 2939 502 2998 382.
527 2938 648 3018 «γόνους
671 2937 738 3020 χερὶ
762 2939 925 3018 ῥάπτουσα
950 2975 990 2982 -
1016 2939 1048 3001 F.
1066 2938 1114 3001 W.
1139 2935 1289 3001 Schmidt,

429 3027 501 3088 384.
527 3025 659 3109 δόμους]
683 3028 736 3088 Λα
752 3026 893 3108 νόμουςῖ
933 3026 1069 3090 Versum
1086 3029 1229 3110 spurium
1249 3027 1344 3090 lmbet
1360 3026 1565 3091 Heruuuleu.

383 3115 530 3196 κράτιστα
558 3116 614 3196 τὴν
642 3114 784 3198 εὐθεῖαν]
813 3117 959 3198 κράτιστα
987 3116 1073 3198 τήνδ’
1103 3121 1174 3199 (aut
1198 3117 1283 3199 τῇδ’)
1316 3118 1427 3180 ἰοῦσαν
1459 3115 1565 3180 Hul'w.

339 3203 517 3267 Subaudius
541 3205 657 3273 ἰούσας.
698 3204 742 3268 Cf.
767 3203 823 3286 Eq.
843 3206 892 3268 73.
916 3206 1051 3288 κράτιστ’
1075 3207 1196 3290 ἐκείνην
1211 3207 1267 3288 τίγν
1283 3206 1443 3288 μόλωμεν.
1469 3207 1565 3270 Arist.

339 3293 410 3374 LyS.
436 3294 509 3356 834.
534 3293 578 3356 ἴθ’
602 3293 706 3376 όρθίγν
730 3295 829 3376 ἥνπερ
853 3295 936 3376 ἔρχει
957 3295 1014 3377 τὴν
1037 3296 1123 3358 ὁδόν.

429 3383 501 3444 385.
526 3383 622 3464 σοιγοῖ
646 3382 736 3446 malit
757 3382 839 3446 Tute.

429 3473 501 3534 380.
525 3472 578 3534 καῖ
603 3471 641 3554 δὴ
665 3472 804 3556 τεθνᾶσι]
829 3472 899 3537 Fae
924 3479 963 3537 ut
986 3475 1125 3537 mortui
1149 3475 1234 3538 sint.
1273 3475 1317 3538 uf.
1342 3475 1456 3538 Aescu.
1473 3473 1565 3536 Eum.

340 3561 413 3624 897.
436 3561 489 3624 καὶ
514 3561 553 3643 δὴ
579 3561 739 3643 δέδεγμαι·
764 3563 806 3632 τίς
823 3563 859 3625 δι’
880 3586 936 3645 μοι
958 3564 1029 3645 τιμὴ
1054 3565 1156 3645 με’νει,·
1180 3563 1234 3626 011.
1260 3564 1332 3626 565.
1357 3562 1452 3646 Hipp.
1472 3565 1565 3627 1011.

338 3650 391 3712 καὶ
425 3650 463 3733 δη
498 3651 534 3713 τὸ
566 3656 700 3732 σῶφρον
734 3651 854 3731 τοτἰμδν
882 3653 920 3714 οὐ
948 3654 1048 3716 πείθει
1082 3653 1111 3715 α’
1139 3654 1223 3722 ἴσως.
1256 3652 1323 3736 Iph.
1349 3653 1386 3716 A.
1412 3655 1484 3716 019.
1511 3654 1566 3715 καὶ

339 3739 378 3822 δὴ
403 3739 438 3802 τὸ
461 3742 581 3822 χρῇζον
609 3741 736 3803 ἔπαθεν.
771 3739 842 3806 Hel.
869 3741 962 3804 1058.
993 3742 1047 3805 καί
1075 3742 1113 3825 δίγ
1138 3749 1300 3825 παρεῖκεν·
1325 3741 1388 3806 εἶτα
1411 3748 1482 3812 πῶς
1507 3767 1566 3818 -,·

338 3829 438 3892 Andr.
464 3831 537 3891 334.

429 3920 501 3981 388.
526 3917 626 4001 ξένος]
651 3919 723 4002 ξένη
748 3925 833 3983 τεοῖο
855 3918 888 3982 Τ.
911 3919 1122 3984 Halbertsma.

429 4008 502 4070 392.
525 4009 576 4070 κεῖ
595 4008 701 4090 μέλλω
724 4007 846 4093 θανεῖν]
869 4007 926 4085 Qu
942 4013 1004 4092 κῆν
1018 4011 1125 4092 μέλλω
1142 4011 1259 4074 θανεῖν.
1291 4011 1564 4074 Atof.10n.760.

338 4095 389 4159 κεί
409 4097 519 4159 θανεῖν
540 4097 656 4180 μέλλω.

429 4186 501 4247 393.
529 4185 646 4269 τόλμης
676 4185 705 4250 δ’
729 4185 790 4269 εῖμι
815 4186 874 4270 -]
903 4187 1013 4250 Malim
1040 4187 1158 4272 τόλμης
1185 4189 1210 4251 τ’
1240 4187 1301 4271 εἶμι
1324 4195 1381 4253 etc.
1421 4188 1467 4252 Of.
1491 4189 1564 4251 402.

338 4272 409 4355 ἕρπ’
433 4276 476 4345 εἰς
502 4274 537 4338 τὸ
562 4276 673 4339 δεινόν.
701 4275 779 4340 Heu.
805 4277 877 4340 516.
902 4280 921 4359 ί]
945 4278 1028 4358 πρὸς
1049 4277 1084 4342 τὸ
1109 4277 1211 4342 δεινὸν
1235 4279 1349 4360 ἤλθεθ’
1374 4302 1433 4355 -,·
1465 4277 1564 4342 Andr.

340 4363 413 4426 683.
446 4365 564 4446 ἔβησαν
596 4365 629 4435 ἒς
659 4365 829 4448 τάνδρεῖον.
867 4367 974 4449 Suppl.
1004 4369 1077 4430 895.
1109 4367 1192 4450 πρὸς
1227 4368 1390 4450 τάνδρεῖον
1423 4405 1464 4413 -—
1498 4368 1565 4432 ἰών.

339 4450 415 4517 Her.
433 4455 506 4517 562.
531 4454 597 4517 ἕπε]
621 4462 747 4538 σφαγῆς
771 4480 805 4538 γε
828 4455 911 4539 πρὸς
933 4455 968 4520 τὸ
985 4456 1088 4520 δεινὸν
1104 4456 1164 4540 εἶμ’
1188 4458 1260 4539 ε’γώ.
1285 4456 1438 4541 80])0111.
1452 4457 1564 4540 322,1.
