3404 5104
325 313 389 376 476
765 331 917 376 mmmmm
942 331 972 376 m
995 332 1107 376 11111111

416 493 509 555 1377.
533 493 650 574 σκέψαι
672 491 747 573 μεθ’
771 493 866 573 ἡμῶν
882 489 936 575 -]
962 490 1006 555 01.
1023 489 1106 555 Med.
1124 491 1196 554 850.
1219 490 1287 572 μετ’
1310 491 1416 554 ἄλλων
1435 491 1557 573 σκέψαι

324 583 441 645 τεκέων
463 581 595 663 πλαγάν.
642 581 718 660 (Ubi
742 585 847 644 tamen
872 600 900 641 v.
925 581 1043 658 annot.)

416 672 509 734 1379.
532 670 684 754 πορθμός
711 694 742 734 τε
770 669 869 754 ναῶν]
902 674 984 734 νεῶν
1015 694 1047 733 τε
1073 669 1226 752 πορθμὸς
1254 688 1332 733 corr.
1360 668 1478 733 Blomf.
1509 668 1558 732 Gl.

326 760 412 825 Pers.
439 761 510 824 177.

416 850 510 912 1380.
533 848 671 932 ἑλίσσετ’]
696 846 753 924 Qu.
778 849 900 912 ἀείσατ’.

333 931 336 940 ’
416 939 509 1002 1385.
533 939 587 1002 καὶ
611 938 671 1020 γάρ
695 939 755 1020 οὐχ
779 939 863 1002 οὕτω
886 962 913 1001 τι
936 937 1004 1000 λίαν
1028 938 1084 1018 ἐμὲ
1107 938 1296 1020 φιλοψυχεῖν
1312 936 1418 1019 χρεὼν
1442 936 1559 1000 Elmsl.

325 1027 462 1092 111111.
489 1029 526 1110 1.,
554 1026 624 1092 0011.
649 1027 696 1090 m.
723 1029 817 1091 1105.
850 1028 904 1090 και
928 1027 988 1108 γὰρ
1012 1027 1088 1090 οισι
1110 1027 1159 1091 τοι
1179 1051 1204 1089 ιι
1227 1025 1296 1089 ιω
1319 1025 1375 1108 m
1400 1063 1441 1072 -
1468 1027 1560 1091 idem
1684 1023 1685 1026 ‘

323 1120 357 1181 in
382 1116 438 1180 Ed.
462 1115 539 1181 Rev.
563 1116 655 1180 XIX.
681 1118 731 1179 92.

417 1225 509 1287 1386.
534 1223 605 1305 οὐχὶ
629 1224 678 1287 σοὶ
700 1222 801 1308 μάνη]
835 1224 895 1287 οὐκ
924 1224 995 1308 ἐμοὶ
1021 1223 1105 1306 μόνη
1134 1221 1242 1286 Elmsl.
1267 1222 1307 1286 ad
1330 1222 1397 1306 Iph.
1421 1222 1454 1285 T.
1483 1225 1558 1287 199.

326 1311 383 1389 Qu.
408 1315 478 1395 ούχι
501 1314 589 1391 (οὔτι)
612 1313 672 1396 σὴν
694 1313 804 1396 μάνης.

416 1404 509 1465 1389.
533 1400 646 1486 χὺπὲρ]
675 1402 745 1466 Hac
769 1403 808 1465 de
831 1403 914 1465 crasi
937 1402 974 1465 of.
1001 1401 1094 1464 1118.
1127 1401 1219 1483 χύπό.
1244 1401 1312 1464 Ion.
1339 1401 1434 1464 1270.
1459 1403 1558 1484 χύπό.

326 1491 411 1574 eycl.
437 1493 509 1554 207.
532 1492 600 1575 Iph.
617 1494 654 1555 A.
674 1493 766 1555 1188.
791 1489 897 1575 Suppl.
916 1493 988 1554 344.
1012 1491 1316 1574 χύπερορρωὸοῦσα.
1341 1488 1429 1553 Com.
1447 1491 1558 1575 adaep.

328 1582 399 1643 135.
423 1581 673 1663 χὺποτρίμματα.

416 1671 509 1733 1391.
533 1671 649 1752 ἔχομεν
672 1670 822 1733 ἀντειπεῖν
847 1707 887 1716 -
912 1665 1259 1733 1111181111111111111.
1283 1668 1375 1733 XIX.
1394 1669 1446 1732 92.
1470 1671 1503 1731 τί
1523 1671 1559 1734 τό

326 1759 447 1822 δίκαιον
479 1759 570 1822 τοῦτό
603 1760 647 1840 χ’,·
680 1757 742 1840 ἆρα
776 1758 804 1840 χ’
828 1761 944 1841 ἔχομεν
968 1783 1027 1834 -;
1060 1758 1176 1822 Bremi.
1216 1757 1275 1834 Qu.
1307 1760 1336 1820 τί
1365 1758 1400 1821 τὸ
1430 1759 1560 1823 δίκαιον

325 1849 416 1911 τοῦτό
441 1848 469 1928 γ’
493 1848 571 1923 ἔστ’,·
594 1845 646 1929 ἄρ’
669 1849 784 1931 ἔχομεν
808 1873 867 1924 —,·

416 1955 510 2017 1392.
535 1955 586 2018 διὰ
618 1957 724 2038 μάχης
756 1956 863 2036 μολεῖν
892 1993 933 2002 -
958 1953 1123 2039 Ἀργείοις]
1163 1953 1209 2018 01.
1236 1956 1329 2018 1414.
1369 1954 1559 2020 Δαναῖόαισι

326 2043 376 2106 διὰ
399 2046 506 2127 μάχης
529 2045 643 2108 ἐλθών.
671 2043 765 2108 Herc,
790 2046 862 2107 220.
888 2046 923 2115 ὃς
946 2045 989 2115 εἷς
1011 2043 1165 2108 Μινύαισι
1186 2049 1263 2107 πᾶσι
1287 2044 1337 2107 ὸιά
1361 2045 1470 2127 μάχης
1494 2070 1557 2126 μο-

324 2133 398 2196 λών.
423 2131 492 2196 Hel.
510 2135 582 2198 978.
606 2133 708 2197 ἐλθεῖν
733 2134 783 2197 διὰ
806 2135 912 2217 μάχης
936 2143 985 2216 σῷ
1008 2134 1163 2216 συγγόνῳ.
1187 2133 1349 2196 1111183.
1375 2133 1426 2197 άιά
1451 2135 1560 2216 πυρὸς

325 2222 443 2304 ἔμολον
466 2223 486 2284 ά
509 2223 637 2286 τάλαινα
659 2225 762 2304 ματρί.

416 2312 510 2374 1394.
535 2311 579 2375 01.
605 2309 705 2375 Orest.
730 2313 803 2376 806.
833 2313 878 2383 ὡς
902 2313 983 2395 ἀνὴρ
1008 2350 1049 2359 -
1073 2313 1200 2394 μορίων
1223 2313 1379 2394 κρείσσων
1401 2312 1559 2395 ὁμαίμων

325 2400 417 2481 ἀνδρὶ
439 2401 612 2483 κεκτῆσύαι
635 2402 733 2484 φίλος.

417 2491 510 2552 1398.
533 2496 629 2555 ταῦτα
663 2490 723 2572 γάρ
754 2492 892 2574 μνημεῖά
924 2515 989 2573 μου
1014 2490 1072 2575 —]
1106 2489 1151 2553 Cf.
1179 2488 1254 2556 Her.
1281 2492 1352 2554 591.
1384 2490 1455 2554 τάδ’
1488 2493 1558 2556 ἀντὶ

324 2579 450 2642 παίδων
473 2580 536 2642 ἔστί
555 2604 611 2660 μοι
634 2581 777 2662 κειμήλια
799 2581 804 2662 Ι
824 2582 877 2643 καὶ
899 2581 1097 2662 παρθενείας.

417 2683 511 2750 1399.
536 2687 630 2769 γάμοι
659 2687 712 2750 καὶ
736 2686 802 2761 δόξ’
832 2686 909 2771 ἐμὴ]
943 2687 1097 2770 γαμήλιον
1128 2688 1220 2769 λέχος
1247 2687 1381 2768 10110111,
1410 2688 1481 2751 coll.
1504 2686 1556 2752 Or.

328 2776 421 2839 1050.
447 2813 488 2824 -
512 2777 566 2839 καὶ
589 2775 691 2856 γάμος
713 2777 766 2839 καὶ
789 2777 873 2858 φλὸξ
895 2777 955 2858 ἐμὴ
975 2776 1008 2840 F.
1026 2777 1075 2840 W.
1091 2775 1248 2858 Schmidt,
1272 2776 1341 2840 coll.
1360 2778 1432 2840 732.
1456 2779 1502 2848 τίς
1527 2779 1556 2840 δ’

326 2866 494 2947 ἀνασχήσει
509 2865 630 2948 φλόγα·
654 2866 772 2930 Phoen.
785 2867 857 2928 344.
878 2865 958 2930 Med.
972 2867 1065 2930 1027.
1099 2866 1188 2930 Idem
1205 2874 1312 2930 tamen
1327 2866 1555 2949 interpolatum

325 2974 452 3019 versum
477 2955 578 3018 habet.
618 2955 737 3037 Utique
762 2955 948 3019 mendosum
975 2956 1099 3018 videtur
1123 2954 1172 3018 διὰ
1197 2961 1334 3037 μακροῦ.
1405 2955 1461 3018 καὶ
1485 2957 1555 3029 δόξ’

326 3043 404 3127 ἐμὴ]
428 3043 577 3116 κεύάοξίο
601 3049 656 3106 aut
678 3044 731 3106 καὶ
755 3045 834 3117 δόξα
857 3068 912 3125 μοι
936 3043 1041 3107 Herm.

419 3133 512 3194 1403.
536 3132 571 3194 τὸ
594 3139 648 3213 τῆς
671 3133 767 3215 τύχης
791 3133 826 3197 δὲ
849 3135 902 3196 καὶ
925 3133 960 3197 τὸ
983 3140 1037 3216 τῆς
1061 3134 1140 3196 θεοῦ
1164 3132 1264 3218 νοσεῖ]
1289 3133 1397 3197 Malim
1423 3133 1461 3197 τά
1486 3137 1554 3218 (pro

326 3221 372 3301 τὸ)
395 3228 449 3304 τῆς
472 3221 580 3302 τύχης,
605 3227 636 3284 et
658 3221 693 3284 τά
719 3225 785 3305 (pro
808 3222 854 3301 τὸ)
875 3228 929 3305 τῆς
944 3223 1033 3286 θεοῦ.
1073 3221 1116 3285 01.
1134 3221 1173 3285 ad
1190 3223 1308 3287 Phoen.
1328 3224 1421 3286 1202.
1445 3225 1555 3294 καλῶς

327 3311 364 3372 τὰ
393 3315 457 3373 τῶν
480 3309 568 3374 θεῶν
591 3309 703 3372 καὶτὰ
727 3318 781 3394 τῆς
803 3313 899 3395 τύχης
922 3313 993 3394 ἔχει.
1031 3315 1181 3376 Attamen
1203 3311 1365 3376 Demosth.
1389 3333 1418 3395 p.
1444 3315 1496 3376 53.
1520 3313 1554 3376 τὸ

326 3405 390 3462 τῶν
417 3400 505 3462 θεῶν
543 3399 674 3480 εύμενὸς
710 3401 763 3462 καὶ
800 3401 834 3464 τό
867 3401 956 3480 (tm)
987 3407 1042 3483 τῆς
1069 3402 1165 3484 τύχης
1192 3403 1268 3484 ἡμῖν
1301 3405 1552 3483 σονογωνιζετσι.

327 3487 372 3551 01.
397 3488 435 3551 ad
461 3489 557 3551 Arist.
581 3488 653 3552 Pac.
678 3491 750 3552 808.

419 3595 511 3658 1410.
535 3596 707 3677 τάναγκαῖά
734 3621 766 3660 τε
789 3596 906 3660 Wund.
931 3598 1013 3660 Adv.
1036 3619 1064 3681 p.
1081 3600 1132 3660 43.

418 3687 511 3747 1411.
535 3686 567 3756 ἒς
588 3686 645 3768 τὴν
668 3685 774 3770 φύσιν]
799 3684 858 3761 Qu.
882 3689 914 3756 ἐς
937 3687 996 3769 σὴν
1018 3688 1121 3769 φύσιν.

419 3777 511 3838 1415.
537 3776 555 3838 ὁ
570 3776 710 3845 θάνατος
727 3776 828 3838 άεινόν
844 3775 956 3860 κακόν]
982 3776 1028 3839 01.
1045 3777 1123 3840 Ran.
1144 3777 1236 3840 1394.
1260 3776 1338 3840 Plat.
1356 3778 1447 3860 Apol.
1461 3779 1504 3840 29
1515 3780 1552 3840 A.

328 3863 446 3927 δεδίασι
482 3865 510 3928 ά’
539 3864 634 3927 αὐτὸν
666 3864 735 3945 (τὸν
763 3867 917 3944 θάνατον)
951 3866 997 3936 ὡς
1030 3864 1065 3928 εὖ
1099 3865 1214 3936 εἰδότες
1242 3865 1287 3928 ὅτι
1314 3867 1462 3948 μέγιστον
1489 3871 1553 3930 τῶν

326 3977 438 4016 κακων
462 3955 531 4017 ἔστι.

418 4063 512 4122 1422.
536 4059 565 4124 ὦ
588 4063 662 4144 λῆμ’
685 4061 823 4145 ἄριστον]
848 4060 892 4124 01.
917 4060 983 4145 Iph.
1005 4062 1037 4124 Τ.
1064 4062 1135 4125 609.
1160 4061 1253 4146 Soph.
1278 4061 1314 4126 O.
1331 4060 1363 4125 0.
1389 4061 1463 4126 960.

419 4151 511 4212 1423,
535 4151 564 4212 τί
589 4150 649 4232 γάρ
677 4151 811 4233 τάληύὲς
840 4151 899 4214 οὐκ
929 4153 1008 4214 εἴποι
1036 4175 1079 4220 τις
1107 4149 1179 4234 άν,·]
1214 4149 1257 4214 01.
1286 4153 1382 4215 Arist.
1407 4151 1453 4216 Pl.
1479 4153 1551 4214 252.

326 4240 355 4300 τί
376 4237 436 4320 γάρ
459 4240 499 4301 ἄν
521 4263 565 4309 τις
588 4241 658 4321 οὐχὶ
680 4239 762 4321 πρὸς
785 4241 819 4303 σὲ
841 4240 976 4322 τάληθὲς
999 4233 1098 4322 λέγω·

326 4328 519 4482 Herwlessllgt]
536 4331 657 4392 παῦσαί
676 4353 717 4411 με
739 4329 784 4412 μὴ
809 4327 934 4412 κάκιζε]
968 4329 1058 4394 Latet
1081 4331 1203 4393 vitium.
1274 4329 1302 4394 δ’
1326 4329 1413 4413 ἐμοὶ]
1439 4331 1475 4394 δέ
1496 4355 1551 4412 μοι
