3394 5102
338 360 404 432 404
420 327 422 332 ¹
887 377 1012 431 opums

429 547 500 609 789.
524 554 570 627 τῴ
592 545 701 627 χρόνῳ
726 544 776 629 δὲ]
801 545 854 608 καὶ
876 545 984 626 χρόνῳ
1009 569 1043 627 γε
1067 543 1186 608 HeimS.
1210 551 1256 626 τῷ
1278 542 1387 625 χρόνῳ
1411 567 1443 605 τε
1460 539 1571 604 Herw.

429 636 501 698 790.
525 635 609 698 κεῖνά
632 658 688 716 μοι
711 635 812 715 μόνον
835 632 1025 716 πρόσαντες]
1050 633 1094 697 07.
1118 632 1199 697 Med.
1217 634 1290 694 381.
1314 632 1380 694 ἀλλ’
1403 633 1439 694 έν
1462 633 1493 693 τί
1513 655 1571 713 μοι

338 725 519 807 πρόσαντες.
545 725 617 787 305.
641 723 708 806 Iph.
731 723 762 786 T.
791 725 883 786 1012.

429 815 502 876 793.
524 811 590 875 τόδ’
614 810 672 875 οὖν
695 813 768 896 ἴτω]
794 811 837 876 Ut
859 811 934 875 alibi
959 814 1027 894 ἴτω,
1053 809 1133 875 Med.
1160 812 1231 874 798.
1257 811 1329 873 819.
1353 808 1429 872 Her.
1454 811 1533 872 456.

429 903 500 964 795.
524 903 600 983 ἕρπε
622 926 679 964 νυν
702 903 773 974 οἴαξ
795 901 897 971 ποδός
918 925 974 982 μοι
998 899 1104 963 Monk.
1128 901 1167 962 ad
1191 901 1261 964 Alo.
1289 899 1380 962 1096.

431 992 502 1054 796.
527 991 573 1061 ώς
595 992 623 1052 τί
645 990 685 1072 δὴ
709 988 813 1073 τόδε,·]
838 987 896 1064 Qu.
920 990 967 1059 ώς
989 992 1018 1052 τί
1039 990 1078 1072 δὴ
1103 990 1227 1064 θέλων,·
1251 995 1287 1051 ut
1309 989 1342 1050 in
1358 988 1426 1071 Iph.
1442 987 1476 1050 Τ.
1495 991 1574 1050 558.

339 1081 421 1145 Med.
446 1081 518 1142 682.
537 1079 580 1162 σὺ
606 1080 633 1143 δ’
657 1079 704 1149 ώς
726 1080 755 1142 τί
775 1079 906 1162 χρῄζων
933 1079 1026 1161 τήνδε
1049 1078 1225 1148 ναυστολεῖς
1248 1078 1351 1160 χθόνα
1359 1101 1370 1152 ,·
1398 1076 1467 1140 Ion.
1495 1080 1575 1140 537.

340 1171 387 1240 ὡς
419 1171 447 1231 τί
478 1169 516 1250 δὴ
541 1169 667 1250 φεύγεις
698 1192 756 1250 με,·
789 1169 881 1232 Rhes
907 1169 957 1230 00.
991 1167 1083 1250 Soph.
1109 1167 1144 1230 Ο.
1161 1166 1196 1230 R.
1224 1168 1316 1229 1174.
1349 1166 1395 1236 ώς
1427 1167 1512 1248 πρὸς
1549 1169 1579 1228 τί

381 1259 461 1335 είας,·

339 1283 379 1342 χρ
430 1348 501 1411 798.
524 1345 602 1430 μηδ’
618 1345 732 1430 ἴδοιμι]
755 1345 800 1428 μὴ
818 1347 960 1427 είσίδοιμι
977 1345 1009 1409 F.
1020 1345 1069 1407 W.
1081 1343 1231 1407 Schmidt.
1264 1343 1348 1428 Lege
1362 1345 1408 1427 μὴ
1428 1345 1575 1426 ’πίδοτμι

428 1437 501 1499 800.
525 1435 706 1518 περιβαλών
735 1473 772 1480 -
803 1435 939 1517 πλευρὰ]
983 1434 1029 1497 07.
1062 1434 1129 1518 Iph.
1161 1439 1196 1496 A.
1225 1435 1298 1496 632.
1336 1433 1418 1514 πρὸς
1455 1436 1575 1516 στέρνα

340 1525 460 1608 πατρὸς
488 1527 598 1606 στέρνα
626 1525 710 1605 τάμά
738 1524 909 1608 περιβαλῶ.
999 1523 1181 1606 περιβαλών
1203 1523 1350 1604 πλευροῖς
1374 1522 1432 1606 -]
1465 1547 1575 1604 προσ-

339 1615 450 1698 βαλών
474 1651 514 1660 -
540 1613 571 1676 F.
598 1613 645 1676 W.
670 1612 826 1690 Schmidt,
854 1613 923 1676 cell.
948 1612 1025 1676 Hec.
1050 1614 1122 1676 410.
1153 1613 1209 1682 δὸς
1232 1612 1286 1675 καί
1308 1611 1443 1692 παρειὰν
1466 1635 1574 1693 προσ-

338 1705 444 1786 βαλεῖν
475 1703 613 1785 παρηΐδι.
658 1703 922 1784 παραβαλών-
948 1701 1060 1765 Naber.
1102 1700 1238 1764 Frustra.
1282 1699 1326 1764 07.
1355 1701 1432 1764 Plat.
1458 1699 1575 1786 Symp.

340 1813 367 1876 p.
396 1795 465 1855 191.
489 1792 726 1874 περιβάλλοντες
749 1791 803 1862 τάς
826 1797 933 1873 χεῖρας
960 1791 1013 1853 καί
1037 1791 1293 1872 συμπλεκόμενοι
1320 1790 1465 1872 ἀλλήλοις
1490 1791 1575 1853 ἀπέ-

340 1883 483 1964 θνησκον
506 1881 570 1944 ὑπὸ
592 1881 694 1963 λιμοῦ.

429 1971 502 2034 802.
526 1969 653 2053 ὀχήσω]
677 1969 735 2046 Qu.
760 1969 884 2052 ὁδηγώ,
914 1970 964 2032 vel
980 1971 1139 2050 πορεύσω.
1241 1974 1305 2031 ποῦ
1329 1967 1390 2049 γάρ
1406 1971 1455 2031 ὢν
1471 1969 1574 2042 δείξω

339 2061 430 2143 φίλος
454 2058 529 2142 -,·]
563 2059 606 2123 07.
631 2059 697 2141 lpu.
722 2060 760 2120 A.
785 2059 857 2121 406.
892 2057 1000 2130 δείξεις
1028 2058 1061 2121 δὲ
1085 2063 1149 2120 ποῦ
1171 2081 1227 2139 μοι
1249 2056 1370 2138 πατρὸς
1393 2058 1428 2120 ἐκ
1452 2059 1574 2121 ταύτοῦ

341 2150 457 2231 γεγώς,·
491 2147 571 2212 Med.
597 2150 669 2210 548.
703 2148 736 2210 έν
767 2147 850 2228 τῷδε
879 2148 972 2220 δείξω
995 2153 1107 2228 πρῶτα
1132 2147 1192 2229 μὲν
1225 2147 1327 2229 γεγὼς
1358 2147 1476 2228 σοφός,
1512 2157 1574 2211 etc.

341 2238 434 2300 8011.
459 2237 546 2302 O.R.
571 2237 644 2300 390.

385 2259 404 2321 p
430 2327 503 2390 803.
527 2329 610 2389 εἷσε
632 2326 677 2408 μὴ
703 2363 743 2372 —
769 2324 953 2408 ἐπαρκέσω]
987 2326 1075 2407 ὁρῶν
1104 2333 1159 2388 aut
1184 2325 1279 2395 είδὼς
1307 2324 1435 2408 supplet
1458 2323 1573 2388 Elmsl.

340 2417 378 2479 ad
404 2415 478 2480 Her.
504 2420 531 2479 7.
566 2435 659 2497 quem
694 2415 767 2477 vide
799 2417 892 2478 etiam
927 2415 965 2476 ad
992 2416 1063 2477 693.
1108 2413 1152 2478 01.
1177 2413 1284 2497 Suppl.
1310 2417 1383 2477 327.
1416 2414 1464 2484 ώς
1498 2417 1573 2477 οὔτε

339 2507 449 2587 ταρβῶ
473 2504 530 2578 ξὺν
554 2505 624 2586 δίκῇ
650 2503 677 2566 α’
702 2504 902 2586 ὁρμώμενον.
927 2503 1018 2586 Soph.
1036 2505 1085 2585 Aj.
1106 2505 1175 2566 136.
1200 2503 1234 2566 σὲ
1257 2503 1316 2585 μὲν
1340 2501 1375 2566 εὗ
1395 2504 1572 2585 πράσσοντ’·

340 2595 502 2677 έπιχαίρω.
527 2595 622 2656 Arist
640 2593 696 2676 Eq.
716 2594 788 2655 783.
835 2592 896 2656 Sed
921 2593 1051 2656 effendit
1071 2594 1271 2655 aecusativus
1294 2601 1365 2675 post
1387 2593 1570 2674 ἐπαρκέσω.

340 2682 490 2747 Dativum
514 2685 599 2746 enim
623 2699 759 2766 semper,
785 2683 817 2744 ni
840 2682 944 2763 fallor,
969 2683 1048 2764 regit
1065 2681 1197 2745 verbum
1218 2682 1368 2762 ἐπαρκεῖν
1383 2683 1444 2744 hoe
1461 2701 1570 2744 sensu.

341 2773 385 2835 07.
401 2773 478 2836 Heu.
497 2774 568 2835 985.
591 2771 637 2854 μὴ
661 2773 857 2852 πράσσουσιν
880 2769 914 2834 εὖ
938 2771 1039 2852 φίλοις
1063 2772 1219 2852 ἐπαρκεῖν.
1248 2771 1295 2834 Fr.
1321 2773 1395 2850 311,
1414 2773 1442 2831 2.
1468 2773 1573 2843 ξένοις

340 2863 494 2944 ἐπήρκεις.
520 2858 604 2941 Cyel.
630 2861 701 2924 300.
730 2861 859 2930 πέπλοις
888 2861 1067 2943 ἐπαρκέσαι.
1108 2857 1165 2934 Qu.
1190 2862 1221 2922 εἴ
1238 2885 1264 2922 τι
1286 2859 1331 2942 μὴ
1352 2861 1474 2922 -ὄντι
1499 2871 1572 2936 (σοι)

342 2988 392 3016 -,
408 2951 584 3032 ἐπαρκέσω.
623 2950 684 3012 Vel
716 2951 747 3012 εἴ
773 2973 808 3013 σε
835 2949 880 3032 μὴ
908 2987 947 2995 -
972 2955 1167 3030 συμφοραῖσι
1200 2950 1346 3031 ῥύσομαι.
1386 2948 1446 3011 Vel
1472 2951 1513 3030 ἢν
1537 2973 1572 3012 σε

341 3040 386 3123 μὴ
412 3077 453 3084 -
478 3038 644 3120 ἒπωῳελώ.

431 3130 503 3191 804.
527 3127 609 3190 τοῦτ’
634 3127 750 3210 ἐκεῖνο]
775 3127 818 3191 07.
843 3128 913 3191 Hel.
931 3127 1003 3189 622.
1027 3127 1109 3190 τοῦτ’
1133 3127 1194 3190 ἔστ’
1211 3128 1326 3191 έκεῖνο·
1348 3131 1352 3208 Ι
1373 3129 1572 3208 συμβεβᾶσιν

343 3219 374 3280 ot
388 3217 475 3299 λόγοι
497 3217 500 3298 ]
522 3218 552 3280 οἱ
566 3215 653 3298 τῆσδ’
670 3217 806 3298 ἀληθεῖς.
833 3217 912 3279 Med.
931 3218 980 3279 97.
1004 3215 1070 3278 τάδ’
1094 3217 1209 3288 έκεῖνο,
1229 3216 1313 3298 ῳίλοι
1329 3217 1447 3285 παῖδες.
1474 3219 1571 3279 Arist.

342 3307 420 3369 Aah.
445 3308 496 3368 41.
529 3305 610 3368 τοῦτ’
635 3306 726 3368 ἐκεῖν’
751 3306 838 3386 οὑγὼ
864 3306 972 3386 ’λεγον
1006 3305 1077 3386 Lys.
1103 3307 1175 3366 210.
1271 3305 1383 3369 κτᾶσθ’
1408 3307 1571 3390 ἑταίρους]

341 3394 485 3459 Delenda
510 3395 635 3457 videtur
659 3395 783 3476 virgula
806 3395 902 3478 vulgo
931 3395 1033 3476 posita
1057 3405 1127 3477 post
1149 3395 1300 3474 ἑταίρους.
1339 3393 1459 3458 Sensus
1483 3396 1570 3456 euim

343 3491 403 3564 est,
425 3486 544 3547 κτᾶσθε
569 3484 637 3562 (ὡς)
660 3485 801 3564 ἑταίρους
823 3484 868 3565 μὴ
890 3483 925 3546 τὸ
942 3484 1088 3564 συγγενὲς
1103 3484 1204 3564 μόνον
1228 3486 1262 3564 (1.
1281 3503 1305 3546 e.
1322 3484 1394 3552 τοὺς
1410 3491 1571 3564 συγγενεῖς

340 3574 466 3655 μόνον),
499 3572 576 3635 ἀλλὰ
600 3573 654 3635 καὶ
675 3572 749 3642 τοὺς
772 3573 936 3654 θυραίους.
976 3570 1018 3635 07.
1043 3573 1139 3636 Arist
1164 3571 1241 3635 Rau.
1268 3573 1339 3636 701.
1368 3573 1488 3642 πάντας
1513 3573 1569 3635 άν-

343 3664 500 3744 θρώπους
524 3663 647 3732 ἑκόντες
671 3665 827 3743 ξυγγενεῖς
849 3663 1052 3743 κτησώμεθα.
1076 3661 1170 3724 Thue.
1195 3660 1251 3724 ΙΙΙ.
1276 3664 1327 3724 82.
1351 3663 1404 3724 καὶ
1426 3663 1493 3744 μὴν
1518 3665 1571 3726 καί

342 3753 379 3814 τδ
402 3752 547 3833 ξυγγενὲς
570 3757 625 3814 τοῦ
649 3753 805 3833 ἑταιρικοῦ
829 3751 1074 3832 ἀλλοτριώτερον
1098 3752 1217 3831 ἐγένετο
1243 3751 1293 3814 διὰ
1317 3751 1352 3814 τδ
1376 3761 1434 3814 ete.

431 3844 503 3903 805.
528 3842 574 3910 ὡς
598 3840 696 3923 ἀνὴρ]
729 3840 772 3910 είς
795 3841 876 3923 ἀνὴρ
900 3839 1005 3904 Herw.
1089 3839 1147 3923 ὢν]
1177 3839 1219 3908 είς
1243 3840 1308 3903 Pal.
1356 3839 1479 3904 Neutra
1502 3861 1571 3904 eor-

341 3932 480 3993 rectieue
504 3951 583 4013 opus
607 3938 661 3993 est.
730 3930 812 3999 ὅστις
835 3930 976 4010 τρόποισι
1000 3929 1155 4012 συντακῇ]
1180 3927 1222 3992 07.
1247 3930 1344 3992 Arist
1367 3929 1446 3992 Ren.
1476 3931 1570 3992 1163.

342 4019 444 4082 ἐλθεῖν
476 4019 535 4101 μὲν
568 4020 610 4088 εἰς
634 4025 692 4100 γῆν
725 4019 793 4082 ἔσθ’
817 4019 882 4099 ὅτῳ
913 4025 992 4101 μετῇ
1015 4019 1145 4100 πάτρας.
1229 4017 1385 4101 συντακῇ]
1413 4021 1570 4102 συντρὲχῃ

343 4107 462 4172 Waket.
487 4109 515 4172 8.
533 4107 564 4170 0.
589 4109 688 4189 676,
713 4108 781 4170 coll.
801 4109 894 4171 1221.
919 4107 972 4170 καί
996 4106 1056 4188 γάρ
1079 4109 1198 4189 χρόνου
1222 4108 1257 4171 τὸ
1280 4114 1385 4190 μῆκος
1401 4107 1480 4171 αὐτὸ
1496 4133 1570 4172 συν-
1684 4133 1685 4158 2

340 4199 448 4279 τρέχει.
482 4197 617 4260 Frustra.
657 4196 702 4259 07.
718 4197 766 4259 Fr.
784 4199 857 4278 296,
876 4199 904 4260 2.
927 4205 1023 4278 κακῷ
1045 4196 1146 4266 κακὸς
1170 4196 1205 4258 δὲ
1228 4200 1411 4279 συντέτηκεν
1431 4197 1569 4280 ἡδοναῖς.

342 4287 390 4350 Fr.
416 4287 488 4367 909,
513 4288 540 4348 3.
564 4291 650 4348 πᾶσα
675 4285 735 4367 γάρ
759 4287 865 4369 ἀγαθῇ
891 4287 984 4368 γυνὴ,
1006 4289 1009 4366 Ι
1031 4287 1095 4367 ἥτις
1118 4286 1210 4366 ἀνδρὶ
1234 4288 1411 4369 συντέτηκε,
1436 4311 1569 4369 σωφρο-

342 4383 404 4438 νεῖν
420 4377 582 4439 ἐπίσταται.
607 4376 685 4438 Plat.
710 4379 817 4458 Symp.
846 4377 905 4437 192
923 4375 957 4437 Ε.
992 4375 1094 4438 ἐθέλω
1125 4377 1207 4456 ὑμᾶς
1235 4377 1382 4458 συντῇξαι
1411 4377 1465 4439 καί
1489 4399 1569 4458 συμ-

342 4471 440 4548 φῦσαι
464 4466 506 4534 είς
530 4465 564 4527 τὸ
588 4464 678 4537 αιάὸ,
703 4465 783 4526 ὥστε
808 4466 867 4527 δύο
890 4466 983 4533 ὄντας
1006 4466 1059 4526 ἕνα
1084 4466 1251 4544 γεγονέναι.
