3456 5104
700 371 820 416 ccccm
1308 354 1372 416 229

239 531 331 594 1611.
356 529 454 614 ἄναξ]
488 529 596 592 ἄνακτ’
628 528 736 594 Kirch.
833 531 978 594 εὐθύνειν
1011 530 1107 614 ὁόρυ]
1141 530 1259 594 ἰθύνειν
1292 531 1372 613 ὁόρυ

146 619 260 682 Blomf.
284 620 323 682 ad
348 619 434 683 Pers.
459 620 522 682 411
542 618 589 682 cl.
629 618 673 683 cf.
698 621 810 684 Aesch.
835 619 854 682 1.
872 619 891 681 1.
915 617 964 684 ἐπ’
984 620 1079 684 ἄλλον
1103 620 1131 683 ὁ’
1155 620 1250 691 ἄλλος
1265 621 1373 684 ἴθυνεν

147 709 274 787 (εὔθυνε
297 709 345 789 Β.)
370 708 458 790 ὐόρυ.
483 706 600 772 Herod.
625 707 680 770 IV.
708 711 778 771 122.
817 709 863 774 Gt.
888 710 927 772 ad
952 707 1038 792 Cycl.
1066 711 1114 772 14.

238 799 331 860 1612.
355 797 439 861 ἱστὸν
461 796 554 882 ᾖρον]
578 800 648 861 ἱστί’
671 796 752 881 ᾖρον
776 797 901 882 Smper.

238 887 332 950 1616.
356 888 399 957 εἷς
423 887 458 950 dt
482 886 586 971 γαῖαν]
611 885 668 961 Qu.
693 889 736 958 εἴς
759 912 790 951 τε
814 894 912 970 γαῖαν.

239 977 332 1039 1619.
357 977 418 1040 οὐκ
446 977 486 1039 ἅν
512 976 582 1040 ποτ’
611 978 732 1059 ηὔχουν
761 976 820 1060 -]
851 976 895 1041 cf.
925 977 1018 1061 Soph.
1044 977 1124 1042 Phil.
1149 978 1222 1040 869.
1248 977 1287 1040 οὐ
1312 976 1372 1058 γὰρ

145 1067 302 1149 ἐξηύχουν
325 1065 395 1129 ποτ’
419 1065 466 1128 ἄν.
490 1068 564 1130 Ant
589 1067 662 1128 390.
686 1066 799 1130 Aesch.
823 1066 927 1130 Prcm.
953 1069 1025 1130 689.

239 1156 332 1218 1620.
356 1154 448 1239 ἅναξ]
473 1152 502 1218 α’)
527 1154 595 1229 ’ναξ
617 1155 733 1218 Β101111.
757 1155 775 1217 1.
792 1155 811 1217 l.

238 1245 332 1307 1623.
356 1243 511 1327 πονήσας]
534 1243 698 1327 πονηροὺς
721 1243 753 1308 F.
772 1244 821 1308 W.
846 1244 998 1308 Schmidt.

237 1334 331 1396 1626.
356 1333 478 1417 ὁρῶσα]
501 1334 643 1416 παρόντα
668 1333 700 1396 0.
717 1334 766 1396 W.
791 1332 947 1416 Schmidt,
970 1333 1040 1398 0011.
1058 1335 1130 1397 531.
1154 1335 1223 1397 ἐπεί
1243 1358 1290 1396 νιν
1306 1332 1373 1397 εἶπέ

142 1447 201 1506 μοι
224 1425 434 1506 σεσωσμένον.

238 1514 332 1576 1621.
356 1510 450 1582 οὗτος
477 1509 506 1575 ῶ
534 1511 586 1591 σὺ,
615 1518 674 1574 ποῖ
697 1511 772 1575 11όύ’
799 1515 906 1594 αἴρεις,
937 1511 1071 1586 ὐέσποτ’,
1099 1513 1243 1576 ἐκπνέων
1271 1512 1373 1596 φόνον

143 1602 207 1679 (vel
231 1603 338 1686 potius
361 1601 451 1672 ἐκτὸς
474 1603 521 1664 ὢν
545 1605 684 1684 φρενῶν)
708 1601 740 1664 F.
757 1600 806 1664 W.
832 1601 984 1666 Schmidt

239 1692 332 1755 1630.
357 1691 438 1756 hort.
464 1690 595 1767 ὐούλος,·
618 1689 693 1754 XO.
717 1691 757 1753 οὐ
780 1696 894 1773 φρονῶ
918 1691 979 1773 γὰρ
1002 1689 1055 1766 εὐ,·

239 1781 331 1843 1633.
356 1783 376 1864 ἤ
399 1805 440 1864 με
463 1779 671 1862 προύθωκεν,·
695 1779 750 1864 -]
775 1780 819 1844 Of.
843 1781 910 1864 Iph.
935 1782 972 1843 A.
999 1780 1093 1842 1364.
1118 1779 1254 1862 αἱρεθεὶς
1278 1781 1371 1843 ἑκών.

145 1869 216 1932 ΚΛ.
241 1871 387 1952 πονηράν
410 1869 438 1952 γ’
463 1871 589 1950 αἵρεσιν,
612 1875 797 1951 μιαιφονεῖν.

238 1960 331 2023 1631.
355 1959 450 2043 λέγω]
475 1964 589 2041 φρονῶ
612 1959 644 2022 F.
662 1959 712 2022 W.
736 1957 887 2022 Schmidt.

239 2051 332 2112 1640.
357 2048 402 2112 01.
419 2049 485 2132 Iph.
504 2051 541 2111 A.
559 2049 632 2110 313.
651 2048 718 2111 ἀλλ’
735 2048 859 2118 εὐκλεές
874 2071 921 2110 τοι
937 2049 1101 2112 ὁεσποτῶν
1119 2049 1267 2130 θνήσκειν
1285 2049 1371 2130 ύπερ.

239 2139 332 2200 1613.
357 2136 400 2201 01.
425 2137 519 2221 Hipp.
546 2139 638 2200 1285.
664 2139 790 2220 Λητοῦς
814 2137 848 2201 dd
871 2137 953 2220 κόρη
978 2137 1007 2201 σ’
1024 2138 1167 2219 Ἄρτεμις
1190 2137 1289 2200 αὐύῶ.

238 2228 331 2290 1650.
355 2229 384 2290 εἰ
403 2227 462 2309 μὲν
486 2226 546 2308 γὰρ
571 2226 630 2311 ἀεὶ]
654 2227 697 2297 εἰς
713 2227 766 2308 (ἐς)
781 2227 841 2309 μὲν
858 2226 918 2308 γὰρ
934 2227 981 2290 ἀεὶ
998 2224 1103 2310 Steph.
1128 2228 1160 2296 ἐς
1174 2227 1234 2308 μὲν
1249 2226 1372 2308 (μόνον)

143 2317 207 2399 γὰρ
230 2315 336 2381 Herw.
361 2319 390 2380 εἶ
409 2317 469 2398 μὲν
493 2315 553 2398 γὰρ
577 2315 672 2380 αὐτὸν
702 2315 852 2380 Schmidt.
892 2315 936 2380 Of.
960 2314 1027 2379 Ion.
1057 2317 1148 2379 1349.
1182 2321 1282 2379 σῶσαι
1305 2314 1372 2378 τόθ’

143 2407 259 2491 εὕρημ’
284 2409 326 2477 εἰς
349 2406 403 2470 τὸν
426 2407 500 2469 ὄντα
524 2411 581 2468 νῦν
603 2405 729 2488 χρόνον.

239 2497 330 2559 1653.
355 2497 494 2578 παρέσχε
517 2495 648 2578 τούμὸν]
672 2495 830 2577 παρέσχεν
853 2495 949 2577 ὄχλον
972 2493 1004 2558 F.
1022 2492 1071 2556 W.
1096 2493 1246 2558 Schmidt

239 2587 331 2649 1656.
356 2584 434 2669 ἴσχε]
460 2583 517 2660 Qu.
541 2583 631 2666 εἶργε.

238 2675 331 2738 1651.
354 2674 517 2757 πράσσειν]
543 2674 657 2754 ὐρᾶοαι
681 2672 714 2736 F.
731 2673 781 2736 W.
805 2671 956 2738 Schmidt.

239 2765 330 2827 1658.
354 2764 450 2826 πάλαι
475 2765 503 2826 d'
529 2761 683 2846 ἀδελφὴν]
711 2761 806 2824 πάλαι
835 2761 864 2824 d'
892 2765 931 2824 ἂν
954 2761 1084 2844 Ἑλένην
1111 2761 1191 2842 conj.
1221 2760 1371 2824 Badham.

144 2857 235 2936 ἡμεῖς
260 2853 288 2917 d'
313 2854 455 2936 ἀδελφὴν
478 2853 566 2916 Ηα11.
590 2853 658 2936 τάχ’
682 2855 721 2915 dr
745 2852 775 2916 θ’
799 2851 940 2934 ἀδελφὴν
964 2851 996 2915 F.
1013 2849 1062 2914 W.
1087 2849 1237 2914 Schmidt.
1305 2849 1371 2934 καῖ]

144 2943 204 3019 Qu.
228 2945 297 3006 κᾶν.

237 3033 331 3096 1662.
355 3031 461 3115 αὐδῶ]
486 3031 566 3095 11011.
592 3031 688 3095 εἶπον.
728 3029 999 3094 01Ρ110011568.
1023 3029 1072 3092 001
1094 3029 1154 3111 μὲν
1176 3029 1244 3092 τόθ’
1269 3028 1371 3102 αὐύῶ,

144 3121 270 3202 (εἶπον),
295 3121 343 3184 σοὶ
368 3121 417 3194 δὲ,
440 3119 646 3192 Πολύνεικες,
671 3121 761 3202 λέγω.
793 3121 865 3182 118.
899 3119 949 3183 σοὶ
970 3119 1029 3201 μὲν
1057 3119 1125 3182 τάδ’
1149 3117 1245 3192 εἶπον,
1269 3143 1370 3200 προσ-

143 3211 254 3282 πόλοις
279 3211 308 3274 θ’
332 3212 420 3293 ἐμοῖς
442 3210 534 3292 λέγω.
559 3209 665 3294 Suppl.
686 3212 778 3272 1213.
803 3209 852 3273 σοὶ
867 3207 927 3291 μὲν
942 3208 1010 3272 τάδ’
1026 3207 1124 3281 εἶπον,
1147 3207 1234 3271 παισὶ
1251 3208 1279 3272 d'
1299 3208 1370 3291 Ἀρ-

144 3303 241 3383 γείαιν
263 3301 354 3382 λέγω.

238 3391 331 3453 1663.
355 3388 454 3473 πλεῖν]
477 3389 550 3452 πλεῖ
570 3387 674 3452 Cobet.
698 3387 793 3452 Dind.

240 3481 331 3542 1666.
355 3480 490 3561 κάμψῃς
513 3515 555 3524 —-
579 3477 660 3561 βίον]
685 3475 729 3540 cf.
755 3477 801 3540 El.
823 3478 895 3540 960.
919 3477 994 3559 πρὶν
1017 3479 1056 3540 ἂν
1078 3476 1199 3558 πέλας]
1222 3482 1372 3558 γραμμῆς

144 3571 246 3652 ἵκηται
274 3569 328 3632 καὶ
354 3569 442 3638 τέλος
468 3568 585 3650 κάμφη
613 3568 695 3649 βίον.
730 3567 802 3629 663.
835 3565 942 3650 Suppl.
968 3567 1040 3629 150.
1073 3566 1167 3649 Hipp.
1192 3567 1243 3628 86.
1277 3565 1370 3648 Soph.

238 3748 320 3811 1661
326 3797 331 3808 .
359 3745 463 3810 Verba
485 3745 538 3809 καὶ
563 3783 603 3792 -
619 3747 764 3827 μεθέξεις
781 3745 931 3809 cancellis
948 3744 1087 3809 includit
1101 3745 1133 3808 F.
1152 3742 1200 3806 W.
1218 3743 1371 3807 Schmidt.

239 3837 322 3900 1668
339 3857 384 3918 sq.
408 3836 493 3909 ξένιά
516 3835 542 3898 τ’
568 3873 608 3880 -
635 3834 740 3918 ἡμῶν]
764 3833 853 3898 Ηεεο
877 3835 986 3917 spuria
1010 3833 1103 3896 habet
1127 3833 1232 3896 Herw.

239 3927 332 3989 1610.
356 3923 394 3988 οὐ
420 3925 448 3989 θ’
472 3926 587 4007 ὥρισέν
603 3925 648 4008 σε]
674 3921 714 3987 οὐ
730 3925 758 3988 d’
775 3924 915 4006 ῶρμισέν
932 3947 966 3986 σε
983 3921 1118 4006 Madvig.
1138 3923 1172 3986 οἷ
1185 3921 1214 3985 ὁ’
1231 3923 1372 4004 ὥρμισὲν

146 4039 180 4078 σε
203 4013 448 4078 Rauchenstein.
473 4011 511 4077 οὐ
536 4013 565 4077 θ’
589 4015 705 4096 ᾤκισέν
728 4037 763 4076 σε
786 4011 817 4075 F.
837 4012 884 4075 W.
910 4011 1060 4076 Schmidt.

239 4106 330 4168 1611.
354 4109 418 4167 τῶν
441 4103 510 4166 κατ’
535 4101 673 4184 οὐρανὸν
697 4101 821 4186 δόμων]
846 4109 891 4183 τῷ
906 4101 974 4164 κατ’
992 4099 1130 4181 οὐρανὸν
1154 4100 1269 4182 ὁρόμῳ
1290 4102 1371 4183 conj.

148 4194 297 4257 Badham.
325 4199 389 4256 τῶν
412 4195 487 4274 παρ’
512 4191 651 4273 Εὐρώτᾳ
680 4191 792 4272 δόμων
820 4189 924 4254 Rcish.
953 4191 1065 4254 Hcath.
1092 4189 1210 4254 Weckt.
1252 4190 1372 4253 Versus

151 4283 241 4346 1611.
266 4291 298 4347 ct
325 4283 416 4345 1015.
440 4283 613 4365 ejiciendos
637 4287 746 4344 censet
769 4281 800 4344 1¹.
816 4279 866 4342 W.
891 4278 1042 4342 Schmidt.

241 4373 331 4434 1013.
356 4371 497 4456 φρουρὰ]
527 4376 675 4454 φρουρού
700 4370 732 4433 C.
772 4369 830 4447 Qll.
858 4377 988 4451 φρουρᾷ
1018 4368 1066 4432 101
1094 4373 1250 4450 φρουρῶν
1279 4369 1370 4450 (conj.

147 4459 274 4542 Kirch.).
