3442 5106
325 360 367 422 34
889 380 989 424 υυυτΑ

323 540 443 620 νητέων
472 539 557 619 (ἐὼν)
584 538 620 600 τὰ
649 544 769 620 πρῶτα.
810 537 861 600 VI.
889 539 959 602 100.
988 539 1138 620 Αἰσχίνης
1166 539 1184 600 ὁ
1208 537 1372 607 Νόθωνος
1400 538 1463 600 ἐὼν
1485 543 1548 600 τῶν

319 627 503 708 Ἐρετριέων
518 629 554 690 τὰ
570 633 690 708 πρῶτα.
715 627 840 692 Heliod.
858 626 898 689 X.
919 629 967 689 12.
992 629 1102 708 γένους
1124 634 1180 689 τοῦ
1196 628 1353 708 βασιλείου
1377 627 1414 688 τὰ
1437 633 1548 708 πριῑιτα

322 717 376 778 καὶ
399 717 548 798 ἐγγύτατα
573 717 668 796 (ἔστί).
706 715 877 781 11101611.
903 718 953 778 87.
983 717 1099 799 ‘prima
1122 718 1263 778 virorum
1273 715 1288 779 ’.
1314 715 1547 778 0111141111.

327 807 351 867 1.
380 806 427 867 19.
452 809 590 869 ‘summa
613 807 730 869 ducum
756 805 907 868 Atrides'.

413 897 484 958 920.
509 897 591 978 ἥβης
613 896 700 964 τέλος
722 895 889 978 μολόντας]
907 895 950 957 Of.
969 895 1035 958 Alc.
1054 895 1127 957 413.
1147 895 1223 958 οὐδὲ
1240 896 1347 977 γήρως
1363 897 1439 976 ἔβας
1454 895 1547 963 τέλος.

413 987 484 1047 922.
509 982 600 1067 αὕτη]
625 984 754 1048 012111).
774 985 844 1046 776.
870 982 975 1056 οὗτος,
999 987 1027 1046 τί
1048 984 1164 1065 σεμνὸν
1181 1021 1222 1030 -
1239 985 1378 1065 βλέπεις
1463 985 1546 1065 χλω-

323 1079 390 1154 ροῖς
407 1073 461 1157 -]
486 1073 529 1136 Of.
547 1074 619 1136 906.
646 1073 715 1136 Hel.
735 1073 828 1136 1205.
852 1074 989 1154 χλωροῖς
1011 1097 1043 1136 τε
1065 1075 1180 1154 τέγγεις
1204 1073 1338 1154 δάκρυσι
1362 1073 1420 1155 σήν
1443 1096 1547 1154 παρη-

322 1163 382 1225 ΐδα.
407 1162 499 1246 Soph.
523 1162 571 1224 Tr.
596 1165 668 1225 847.
693 1162 822 1244 χλωρὰν
844 1163 942 1243 τέγγει
967 1163 1118 1242 δακρύων
1142 1164 1249 1244 ἄχναν.

413 1253 485 1314 923.
511 1249 555 1314 Cf.
582 1252 675 1315 1148.
700 1253 814 1335 λευκήν
836 1251 862 1313 τ’
886 1253 1057 1332 ἀπέστρετμ’
1081 1253 1214 1334 ἔμπαλιν
1237 1250 1387 1333 παρηΐδα.

412 1342 475 1403 925
497 1362 541 1424 sq.
571 1340 740 1425 Suspectos
773 1340 868 1404 habet
898 1341 930 1403 Τ.
959 1341 1170 1404 Halbertsma.
1216 1341 1304 1403 Idem
1339 1361 1365 1402 v.
1394 1341 1465 1403 925.
1495 1341 1548 1402 de-

321 1429 449 1492 lendum
475 1449 543 1494 esse
567 1439 683 1493 censet.

411 1521 483 1582 925.
509 1518 614 1603 οὐδέν]
639 1518 683 1583 Of.
707 1517 773 1582 Ion.
798 1520 871 1581 404.
895 1521 993 1582 Arist.
1019 1521 1075 1581 AV.
1102 1520 1196 1581 1360.

412 1611 484 1670 926.
509 1607 543 1670 εὗ
561 1610 621 1689 γὰρ
637 1609 780 1690 θήσομαι
803 1607 851 1692 -]
868 1607 903 1671 εὖ
928 1609 988 1689 γὰρ
1003 1610 1104 1672 τῶνδε
1119 1610 1263 1691 θήσομαι
1278 1610 1350 1689 πέρι
1367 1607 1420 1670 Br.
1437 1607 1547 1670 Elmsl.

322 1697 365 1760 Cf.
391 1696 456 1780 Iph.
481 1699 518 1760 A.
544 1699 616 1760 663.
645 1699 781 1778 θέμενος
809 1697 843 1760 εὖ
871 1699 964 1760 τάκεῖ.
993 1697 1086 1760 Herc.
1113 1700 1185 1760 938.
1210 1699 1282 1770 ἐξὸν
1307 1735 1346 1742 -
1372 1696 1407 1760 εὖ
1431 1699 1546 1760 θέσθαι

320 1787 401 1848 τάδε.
426 1785 493 1868 1ρ11.
510 1786 540 1849 Τ.
561 1788 654 1849 1003.
679 1788 783 1850 Bacch
817 1788 867 1849 49.
892 1787 984 1870 Soph.
1011 1787 1057 1848 El.
1085 1789 1177 1849 1434.
1225 1786 1282 1862 Qu.
1308 1785 1342 1849 εὖ
1368 1787 1428 1868 γὰρ
1451 1787 1546 1850 τῶνδ’

321 1875 385 1955 ἐγὼ
408 1877 503 1956 θήσω
526 1877 650 1957 πότμον
674 1883 739 1958 (pro
763 1878 853 1956 πέρι).

411 1967 483 2027 927.
508 1965 605 2048 οὔτοι]
630 1967 695 2028 οὔτι
719 1965 754 2027 B.
772 1966 804 2028 0.
828 1964 890 2046 Χρ.
915 1964 1018 2046 Πάσχ.
1046 1967 1116 2028 767.
1155 1965 1258 2028 Recte.
1298 1965 1379 2028 Fort.
1404 1967 1488 2028 οὐδέ.

411 2055 483 2115 928.
513 2055 589 2135 γυνὴ
625 2054 659 2117 δὲ
692 2055 774 2136 θῆλυ
808 2055 867 2138 -]
902 2054 944 2116 Cf.
969 2055 1062 2117 Herc.
1088 2055 1160 2116 636,
1193 2055 1228 2117 τὸ
1262 2056 1346 2137 θήλυ
1381 2057 1441 2136 γάρ
1475 2079 1547 2124 πως

318 2142 440 2222 μᾶλλον
468 2143 594 2224 οἰκτρὸν
622 2144 773 2223 ἀρσένων.
807 2143 854 2205 Fr.
881 2146 953 2206 322.
978 2146 1060 2223 ἔρως
1088 2144 1148 2224 γὰρ
1173 2143 1272 2225 ἀργὸν
1295 2144 1373 2206 κάπὶ
1396 2145 1547 2212 τοιούτοις

320 2233 390 2312 ἔφυ.
424 2232 516 2314 Soph.
542 2234 590 2314 Aj.
616 2235 687 2295 580.
711 2235 811 2314 κάρτα
839 2257 885 2296 τοι
913 2233 1120 2314 φιλοίκτιστον
1144 2236 1230 2314 γυνή.
1321 2234 1371 2296 ἐπὶ
1396 2234 1547 2314 δακρύοις

320 2321 393 2404 ἔφυ]
419 2320 462 2383 Cf.
487 2322 564 2384 Hec.
591 2323 684 2384 1186.
709 2325 751 2392 είς
775 2323 915 2403 ἀριθμὸν
938 2328 1002 2384 τῶν
1025 2327 1139 2384 κακῶν
1161 2323 1358 2403 πεφύκαμεν.

412 2413 483 2473 931.
508 2409 657 2476 Deleatur
689 2412 815 2492 virgula
843 2420 913 2493 post
940 2410 1051 2480 σίκτσς.
1143 2412 1269 2495 εἰσῆλθέ
1295 2413 1330 2492 μ’
1359 2411 1463 2481 οἶκτος
1492 2412 1545 2494 —l

320 2500 364 2562 Cf.
392 2501 462 2562 184.
493 2500 602 2581 δράσω
625 2501 703 2573 τάδ’,
728 2500 806 2581 ἀτὰρ
830 2502 933 2582 φόβος
962 2503 990 2563 εἶ
1010 2503 1109 2563 πείσω
1130 2503 1134 2574 Ι
1157 2503 1325 2564 δέσποιναν
1349 2502 1437 2583 ἐμήν.
1461 2499 1544 2564 Xon.

319 2593 380 2652 An.
398 2589 420 2651 Ι.
438 2595 466 2652 4.
485 2594 512 2654 7.
538 2592 568 2652 σί
591 2591 619 2652 δ’
643 2593 797 2672 ᾤκτειρον
820 2591 848 2652 εἰ
869 2591 1050 2652 ἁλώσοιντο.
1075 2591 1233 2672 Sop11.Aj.
1252 2591 1324 2653 610.
1349 2593 1479 2670 οἴκτειρε
1504 2627 1544 2636 -

319 2679 416 2741 παῖδα
444 2679 498 2742 τὸν
527 2679 583 2742 σὸν
612 2681 640 2742 εί
668 2717 706 2724 -
736 2685 794 2742 σοῦ
824 2679 967 2741 διοίσεται
995 2679 1102 2760 μόνος.
1136 2678 1203 2762 Iph.
1228 2681 1265 2742 A.
1291 2681 1364 2742 487.
1393 2681 1479 2748 ἕλεος
1504 2717 1544 2724 -

319 2769 445 2850 εἰσῆλθε
468 2774 537 2850 (με).
563 2767 613 2830 Or.
638 2769 729 2831 1679.
753 2771 852 2832 καίτοι
874 2769 909 2849 μ’
934 2769 1016 2850 ἐσήει
1041 2769 1140 2848 δεῖμα.

409 2859 481 2920 932.
506 2860 548 2924 είς
576 2858 673 2939 ἐμοὺς
701 2860 787 2940 ἥκεις
815 2858 940 2941 λόγους]
970 2858 1014 2919 Of.
1040 2857 1085 2920 El.
1113 2858 1206 2920 1054.
1236 2859 1304 2920 οὔδ’
1334 2859 1376 2928 είς
1404 2857 1545 2939 ἀριθμὸν

318 2950 382 3007 τῶν
405 2947 494 3026 ἐμῶν
517 2949 603 3028 ἥκεις
626 2948 731 3027 λόγων
755 2948 908 3028 (ιγνίλωνῖ).

409 3037 481 3096 933.
505 3041 568 3098 τῶν
593 3037 620 3098 δ’
645 3037 708 3116 ἐγὼ
736 3033 976 3118 μνησθήσομαι]
1005 3041 1068 3097 τῶν
1097 3037 1131 3100 δὲ
1159 3043 1215 3098 νῦν
1244 3039 1311 3118 (aut
1339 3037 1367 3100 δ’
1396 3039 1461 3116 ἔτι),
1490 3043 1545 3099 aut

318 3124 434 3186 τῶνδ’
459 3125 737 3206 ἐπιμνησθήσομαι
761 3125 865 3187 Ηοτιτ.
909 3125 1044 3206 Vulgata
1067 3126 1142 3188 ferri
1168 3128 1284 3208 nequit.

408 3215 480 3274 938.
505 3214 693 3297 ἀπαίρομεν]
719 3214 761 3276 cf.
787 3214 854 3276 Ττο.
873 3217 947 3278 944.
970 3214 1121 3295 Σπάρτης
1145 3217 1279 3297 ἀπῆρας.
1304 3215 1389 3296 Cycl.
1410 3216 1481 3276 131.
1499 3215 1545 3281 ὡς

318 3302 505 3382 ἀπαίρωμεν
527 3303 655 3384 χθονός.

409 3394 480 3454 939.
504 3393 615 3460 παῖδες
639 3391 679 3475 δ’]
705 3391 812 3454 Malim
836 3393 951 3461 παῖδας
976 3393 1012 3454 δ’.

409 3483 480 3543 941.
505 3483 564 3544 οὐκ
589 3480 648 3544 οἶδ’
672 3483 711 3542 ἂν
735 3483 763 3543 εἰ
783 3482 933 3565 πείσαιμι]
959 3480 1016 3555 Qu.
1034 3484 1093 3544 οὐκ
1111 3482 1182 3545 οἶδά
1199 3483 1227 3544 σ”
1244 3485 1272 3545 εἰ
1285 3485 1384 3546 πείσω
1408 3507 1441 3545 τι.
1481 3482 1545 3546 Sed

318 3570 356 3632 cf.
380 3569 448 3632 Alc.
473 3573 524 3632 49.
553 3571 662 3652 λαβὼν
690 3573 746 3633 ἴθ’·
776 3572 814 3634 οὐ
844 3571 903 3652 γὰρ
933 3570 992 3633 οἶδ’
1021 3574 1060 3633 ἂν
1083 3573 1111 3633 εἰ
1131 3573 1272 3652 πείσαιμί
1293 3595 1335 3634 σε.
1364 3571 1442 3636 Plat.
1466 3573 1543 3635 Tim.

318 3678 345 3740 p.
364 3659 404 3719 26
422 3659 457 3722 Β.
481 3659 545 3740 ἐγὼ
569 3663 588 3721 θ
613 3660 671 3741 μὲν
694 3661 772 3741 χθὲς
798 3663 919 3741 ἤκουσα
944 3662 1004 3722 οὐκ
1028 3663 1067 3722 ἂν
1091 3660 1161 3723 οἶδα
1191 3663 1219 3724 εἰ
1241 3662 1397 3742 δυναίμην
1420 3662 1543 3723 ἅπαντα

317 3748 351 3810 ἐν
373 3750 483 3830 μνήμῃ
508 3750 601 3812 πάλιν
624 3749 737 3828 λαθεῖν.
767 3749 856 3812 116111.
881 3771 908 3832 p.
929 3750 1020 3811 1103.
1046 3751 1109 3830 ἐγὼ
1135 3750 1194 3830 γὰρ
1218 3751 1312 3819 αὐτὸς
1336 3751 1396 3812 οὐκ
1419 3753 1459 3812 ἂν
1483 3750 1544 3813 οἷδ’

318 3838 338 3898 δ’
360 3861 384 3898 τι
409 3839 484 3900 ἄλλο
508 3838 592 3919 είχον
615 3841 827 3919 ψηφίσασθαι.
851 3837 1001 3900 13111111.
1018 3839 1067 3900 62.
1086 3840 1124 3901 οὐ
1149 3841 1208 3920 γὰρ
1233 3842 1272 3901 ἂν
1296 3837 1356 3902 οἶδ’
1380 3839 1423 3901 ὅτι
1447 3839 1544 3902 πλέον

318 3926 403 4006 εθροι
432 3928 551 3989 τοθτου.
585 3927 663 3991 Plat.
688 3929 794 4010 Symp.
820 3929 883 3990 210
900 3932 936 3990 Α.
963 3927 998 3988 τὰ
1025 3928 1058 3990 δὲ
1081 3929 1166 3990 τέλεα
1194 3967 1232 3974 —-
1259 3929 1319 3990 αι”κ
1343 3927 1403 3990 οἷδ’
1428 3930 1457 3990 εί
1477 3927 1544 3998 οίός

316 4017 340 4074 τ’
365 4018 404 4076 ἂν
428 4018 492 4096 εἴης
517 4018 588 4083 (οὐκ
612 4020 651 4078 ἂν
675 4017 735 4080 οἷδ’
759 4019 787 4079 εί
809 4018 874 4086 οἷός
896 4017 922 4077 τ’
946 4017 1030 4098 είηςῖ)
1055 4037 1096 4078 se.
1119 4019 1287 4098 μυεῖσθαι).

409 4105 479 4166 942.
497 4107 646 4168 αἰτεῖσθαι
668 4106 798 4189 πατρὸς]
825 4107 973 4185 Anglict‘,
997 4115 1032 4168 to
1058 4107 1126 4184 beg
1149 4109 1187 4168 111
1207 4127 1304 4188 your
1327 4107 1458 4170 father.
1498 4107 1542 4168 Cf.

320 4194 413 4254 1154.
441 4194 494 4256 καὶ
517 4198 697 4276 παραιτήσει
726 4194 843 4275 πατρὸς
867 4197 869 4278 1
891 4195 995 4276 ιμυγάς
1023 4197 1147 4275 ἀηεῑναι
1175 4197 1261 4257 παισί
1285 4205 1341 4258 etv.
1389 4195 1470 4258 11011.
1494 4198 1540 4258 αι’-

317 4285 435 4344 τεῖσθαι
460 4283 488 4346 ’κ
512 4285 639 4364 πατρός.

408 4374 479 4434 946.
509 4375 595 4452 εἴπερ
624 4379 783 4454 γυναικῶν
811 4374 863 4454 (γ’)
891 4373 996 4436 Herw.
1087 4379 1150 4436 τῶν
1179 4373 1295 4458 ἄλλων]
1324 4379 1387 4437 τῶν
1414 4375 1543 4437 πολλῶν

317 4459 438 4526 Nauck.
