3456 5104
725 383 856 429 mecm
1339 365 1402 426 253

267 544 340 606 210.
364 543 508 627 ἐρίπνας]
547 544 590 607 ef.
619 541 737 607 Phoen.
769 544 863 606 1183.
901 543 1064 617 ἐπάλξεων
1092 580 1133 589 -
1162 543 1291 623 ἐρίπνας
1327 544 1404 622 (the

177 631 328 716 heights
352 633 391 696 of
411 632 471 696 the
495 635 704 716 ramparts).

266 741 339 805 211.
363 737 518 826 λέκτροις]
540 741 715 823 μελάθροις
737 737 843 804 Herw.

266 830 339 892 218.
364 838 507 912 φυγᾷ-
528 831 731 912 ἐξαλύξωμεν
746 829 837 914 ποδί]
862 828 1024 894 Seidlerus
1045 829 1167 893 confert
1183 829 1282 893 Orest.
1309 829 1402 892 1468.

176 925 265 1001 φυγᾷ
289 918 324 982 δέ
347 920 422 983 ποδί
445 919 480 983 τὸ
503 920 780 1002 χρυσεοσάνδαλον
803 921 889 1001 ἴχνος
912 921 1032 1002 ἔφερεν.
1182 945 1185 951 ·

267 1009 340 1070 221.
363 1011 547 1090 προσπίτνω
571 1034 606 1072 σε
628 1009 673 1092 μὴ
699 1008 819 1093 θανεῖν]
843 1009 867 1072 Ι.
892 1029 917 1072 e.
942 1011 1087 1091 αἰτοῦμαι
1111 1033 1145 1073 οε
1168 1010 1402 1090 προσπίτνουσα

175 1095 280 1181 (Soph.
304 1097 352 1160 El.
377 1099 462 1178 453.)
480 1135 534 1160 -.
575 1099 619 1162 cf.
642 1100 737 1163 Arist.
762 1099 819 1181 Eq.
846 1101 939 1162 1273.
964 1104 1021 1168 σᾶς
1045 1098 1222 1180 ἁπτόμενος
1244 1101 1404 1182 φαρέτρας

178 1185 315 1250 Πυθῶνι
340 1188 391 1270 δίᾳ
413 1189 459 1270 μὴ
483 1193 595 1258 κακῶς
617 1189 778 1252 πένεσθαι.

266 1295 339 1357 232.
364 1295 497 1380 δίδωμι]
531 1294 590 1371 Qu.
619 1297 746 1377 γένοιτο.
792 1295 841 1360 lta
868 1295 900 1359 F.
924 1294 974 1357 W.
999 1294 1157 1378 Schmidt,
1185 1302 1276 1379 κοινῇ
1302 1295 1402 1379 διδοίη

175 1390 269 1448 τοῦτο
292 1391 358 1467 νῷν
381 1385 503 1467 ἀμφοῖν
525 1387 612 1468 τύχη.

267 1493 340 1554 233.
364 1499 428 1555 ποῦ
453 1491 526 1576 γῆς]
550 1498 614 1556 ποῦ
639 1492 668 1555 δ’
691 1492 761 1570 ἔσθ’
778 1492 810 1556 F.
829 1492 877 1556 W.
894 1492 1045 1556 Schmidt.
1113 1493 1271 1574 τλήμονας
1286 1492 1404 1577 φυγάς]

177 1578 220 1643 Cf.
245 1580 364 1645 Phoen.
389 1583 462 1646 389.
486 1580 573 1664 ῆπου
597 1584 738 1645 στένουσι
760 1583 918 1664 τλήμονας
941 1582 1046 1664 φυγὰς
1069 1582 1156 1663 ἐμάς.

267 1689 340 1750 234.
364 1688 543 1772 φθείρεται]
576 1687 694 1752 Errat
734 1688 776 1752 Cf.
806 1672 899 1772 Soph.
924 1687 1011 1752 O.R.
1039 1689 1132 1754 1502.
1160 1690 1294 1771 χέρσους
1317 1691 1404 1771 φθα-

176 1783 270 1864 ρῆναι
292 1778 460 1859 κάγάμους
483 1779 568 1860 ὑμᾶς
590 1781 704 1861 χρεών.

267 1885 340 1947 235.
365 1887 403 1949 οὐ
427 1885 508 1970 που]
533 1885 551 1968 ῆ
575 1910 640 1949 που
663 1885 725 1949 1110
750 1883 859 1968 Chrys.
887 1887 935 1968 13,
961 1887 989 1948 5.
1027 1884 1132 1950 Recte.

267 1975 340 2037 236.
365 1975 400 2038 δὲ
424 1975 482 2058 δὴ]
507 1975 535 2038 δ’
560 1974 878 2039 ἀε1711ε111.Ηοιυ.
904 1999 937 2056 γε
960 1975 1026 2058 μὴν
1049 1975 1147 2058 idem,
1172 1976 1242 2039 coll.
1267 1976 1318 2038 37.

267 2066 340 2127 238.
365 2066 394 2127 εί
419 2066 476 2147 ζῇς
503 2065 587 2128 ὅπου
619 2089 651 2127 τε
684 2067 772 2139 ζιῖισα
805 2069 977 2146 συμφορᾶς
1009 2064 1103 2148 ἔχεις]
1137 2065 1166 2127 εἰ
1195 2066 1316 2148 ζῇς-
1341 2067 1403 2147 ἔχει

175 2154 323 2236 (passive)
348 2153 484 2237 Madvig.
510 2155 538 2217 εἰ
559 2156 616 2237 ζῇς
640 2191 680 2200 -
705 2155 796 2225 ὅπως
821 2177 853 2218 τε
881 2155 969 2227 ζῶσα
993 2159 1164 2236 συμφορᾶς
1191 2156 1271 2237 ἔχεις
1293 2154 1402 2218 Elmsl.

176 2242 217 2304 ad
241 2241 349 2326 Suppl.
375 2243 461 2324 731,
484 2243 555 2306 coll.
579 2242 650 2306 Hel.
676 2245 748 2306 320.
772 2249 844 2312 πῶς
868 2242 896 2305 δ’
919 2244 1080 2325 εὐμενείας
1100 2243 1210 2306 ’τοιοίδ’
1234 2245 1267 2307 ἐν
1292 2244 1404 2327 δόμοις

175 2333 273 2414 ἔχεις;
297 2331 389 2415 Soph.
407 2335 467 2394 An.
488 2333 581 2395 1229.
606 2333 639 2396 ἐν
662 2341 708 2414 τῷ
730 2336 901 2414 ξυμφορᾶς
925 2334 1118 2416 διεφθάρης;

267 2422 340 2484 240.
364 2422 476 2492 λύπαις
500 2446 531 2484 τε
554 2421 758 2505 συντέτηκας]
784 2421 828 2485 Of.
849 2421 931 2485 Med.
949 2424 999 2485 25.
1023 2422 1090 2505 Iph.
1107 2423 1145 2484 A.
1163 2423 1235 2486 398.
1261 2423 1312 2487 Or.
1330 2425 1403 2486 283.

267 2512 340 2572 241.
364 2512 418 2574 καὶ
447 2516 548 2594 κρᾶτα
573 2511 631 2596 -]
670 2511 716 2575 cf.
739 2512 808 2574 Tre.
835 2513 928 2574 1019.
962 2513 1060 2594 φρίκη
1093 2513 1281 2593 τρέμουσαν,
1313 2514 1402 2594 κρᾶτ’

174 2600 462 2684 ἀπεσκυθισμένην.

267 2710 339 2771 242.
364 2709 456 2792 ἴσως]
480 2711 581 2778 αἰκῶς
604 2709 635 2772 h.
661 2708 711 2772 W.
735 2707 886 2772 Schmidt.

266 2799 339 2861 244.
364 2805 422 2862 σοῦ
446 2819 503 2882 pro
526 2798 565 2862 σὺ
589 2801 669 2880 conj.
693 2797 823 2864 Seidler.

267 2888 339 2948 246.
364 2889 400 2951 ἐκ
423 2887 497 2972 τοῦ]
522 2887 594 2970 Leg.
616 2889 735 2961 ἐντοῦ,
759 2888 798 2950 in
822 2889 931 2970 qu'us
955 2886 1127 2968 aedibus,
1150 2887 1249 2971 apud
1272 2889 1402 2970 quem?

267 2996 339 3056 255.
365 2996 457 3077 εὐνῆς
479 3002 534 3077 τῆς
558 2997 637 3076 ἐμῆς
654 3031 693 3041 -
712 2995 822 3079 θιγεῖν]
847 2995 892 3058 Cf.
908 2995 1005 3078 Hipp.
1018 2995 1091 3057 885.
1111 2994 1296 3066 Ἱππόλυτος
1311 2997 1404 3078 εὐνῆς

174 3090 230 3166 τῆς
254 3084 333 3166 ἐμῆς
356 3085 425 3167 ἔτλη
450 3083 571 3167 θιγεῖν]
592 3087 654 3166 βίᾳ.
1352 3153 1355 3161 ,

268 3174 341 3235 256.
365 3175 385 3256 ἢ
410 3173 438 3236 σ’
463 3173 614 3257 ἀναξιῶν]
639 3175 659 3256 ἤ
683 3176 718 3237 σε’
741 3173 770 3255 γ’
794 3175 893 3247 ἀξιῶν
917 3173 1058 3238 ΚνίδοΙιι.
1082 3177 1101 3256 ἢ
1125 3175 1155 3237 τί
1175 3177 1202 3237 ο’
1227 3175 1327 3248 ἀξιῶν
1349 3180 1404 3238 eut

175 3263 195 3344 ἢ
220 3262 248 3324 α’
273 3263 353 3344 ἄγαν
376 3264 450 3326 τίων
474 3263 506 3327 F.
531 3263 581 3326 W.
605 3262 757 3326 Schmidt

267 3370 340 3431 259.
364 3371 492 3452 ἡγεῖται,
518 3369 601 3452 ξένε]
626 3369 698 3453 Leg.
722 3369 815 3450 ἡγεῖτ’
840 3372 986 3453 (hyetto),
1010 3367 1039 3434 ὦ
1063 3371 1138 3444 ξένε.

266 3460 339 3520 263.
364 3461 392 3522 εἰ
414 3459 453 3542 δῆ
477 3459 556 3522 ποθ’
580 3461 646 3541 ἥξει
671 3458 715 3543 γ’]
741 3458 784 3522 Of.
809 3459 884 3522 Her.
905 3462 977 3522 739.
1001 3461 1030 3522 εἰ
1051 3460 1090 3543 δή
1114 3461 1193 3524 ποθ’
1219 3461 1336 3544 ἥξομέν
1360 3485 1403 3542 γε.

266 3549 340 3610 266.
365 3547 485 3633 οὕνεχ’]
510 3547 582 3632 Leg.
607 3550 705 3632 εἵνεχ’.

267 3655 340 3718 268.
364 3655 411 3725 ὡς
435 3655 517 3738 δῆθε
539 3656 655 3726 παῖδας
679 3656 738 3739 -]
767 3657 813 3725 ὡς
840 3656 937 3719 παῖδα
968 3657 1067 3738 δῆθεν
1094 3657 1139 3739 μὴ
1164 3658 1264 3727 τέκοις
1291 3658 1402 3721 ποινά-

175 3767 254 3826 τορα
279 3747 358 3827 conj.
384 3744 491 3807 Elmsl.
516 3746 556 3808 ed
580 3744 662 3809 Med.
688 3746 760 3807 787.
800 3746 845 3809 Ci.
871 3747 921 3806 22.
956 3746 1060 3816 δείσας
1094 3747 1128 3809 δὲ
1159 3749 1204 3828 μῆ
1238 3771 1283 3828 τῳ
1315 3746 1402 3809 παῖδ’

176 3835 329 3916 ἀριστέων
361 3836 445 3898 τέκοι
466 3835 725 3918 ]Ἀγαμε’μνονσς
758 3836 928 3916 ποινάτορ’,
962 3841 1019 3898 etc.
1066 3838 1110 3898 At
1141 3844 1324 3919 suspectum
1357 3842 1404 3898 est

177 3923 259 4006 δῆθε
282 3944 339 4007 pro
364 3923 472 4006 δῆθεν.
512 3922 570 3999 Qu.
594 3925 641 3994 ὡς
665 3925 703 4006 δὴ
729 3923 767 3988 σύ
792 3961 847 3987 υ.

267 4032 340 4093 275.
364 4031 496 4114 αἰσχρόν
519 4031 548 4112 γ’
571 4029 676 4114 εἶπας]
702 4029 759 4107 QU.
776 4033 891 4114 ἅφρον’
908 4030 1004 4101 εἴπας.
1076 4033 1114 4094 οὐ
1139 4031 1199 4114 γὰρ
1222 4038 1279 4096 νῦν
1302 4033 1402 4117 ἀκμή]

177 4119 383 4287 ιιιῆῧγὰηὶούν
399 4120 494 4234 ’ἀκμὴ
519 4120 628 4273 {lime}
652 4120 710 4233 Ed.
734 4121 812 4184 Rev.
830 4119 1002 4184 XXXVII.
1021 4121 1070 4183 79.
1096 4126 1127 4184 et
1150 4122 1188 4184 ad
1206 4120 1299 4207 Soph.
1317 4123 1351 4187 Ο.
1369 4123 1402 4186 C.

244 4259 250 4270 .
320 4231 349 4274 u.
372 4234 411 4273 ου
455 4234 496 4274 αο
536 4235 571 4273 στ
626 4236 646 4273 κ
673 4235 701 4272 ι.

267 4301 339 4363 281.
363 4235 492 4382 μητργδς
507 4300 573 4382 αἷμ’
598 4235 802 4384 εἰιιίληύιίξασ]
837 4299 881 4363 ef.
907 4302 957 4363 92.
985 4307 1073 4382 πυρᾷ
1097 4299 1124 4364 δ’
1149 4301 1300 4383 ἐπέσφαξ’
1325 4301 1402 4383 οἶμα

175 4388 306 4470 μηλείου
329 4391 442 4472 φόνου.

267 4480 340 4542 289.
364 4481 496 4562 ἔκυρσεν
519 4480 566 4550 ὡς
589 4478 732 4563 ἔκυρσεν]
756 4479 829 4563 Leg.
854 4481 985 4562 ἔκυρσεν
1008 4477 1056 4542 ὧν
1079 4481 1219 4562 ἔκυρσεν.
