3442 5106
604 1143 1053 1231 PRAEFATIO.

302 1481 438 1545 Plurimi
470 1481 545 1544 anni
579 1486 656 1546 sunt
687 1500 728 1545 ex
761 1501 824 1564 quo
857 1482 913 1545 hes
946 1482 1182 1546 observationes
1215 1483 1247 1544 iu
1277 1480 1440 1564 Euripidis

207 1587 337 1652 fabulas
360 1585 499 1652 scribere
527 1593 559 1652 et
585 1587 733 1673 colligere
757 1590 855 1674 coepi.
902 1589 940 1653 ln
964 1589 1018 1672 iis,
1051 1594 1086 1654 ut
1117 1589 1217 1670 soleo,
1249 1593 1373 1653 textum
1404 1588 1440 1650 in

209 1697 360 1782 plurimis
383 1695 460 1760 locis
483 1703 667 1781 corruptum
684 1698 853 1762 emendare
869 1697 978 1762 studui
995 1697 1164 1762 collatione
1186 1695 1329 1761 locorum
1352 1696 1440 1759 sinri-

212 1806 293 1868 lium
326 1804 427 1889 ipsius
459 1804 597 1867 auctoris
628 1803 723 1887 iacta,
761 1824 843 1888 quae
879 1807 1039 1870 tutissima
1074 1803 1267 1870 emendandi
1300 1804 1352 1866 via
1384 1809 1440 1885 est,

212 1913 335 1975 ratione
357 1911 503 1974 codicum
528 1930 626 1975 manu
649 1913 838 1996 scriptomm
862 1914 1036 1977 lectionum
1060 1931 1184 1996 semper
1206 1911 1327 1994 habita,
1354 1910 1440 1974 unde

215 2025 322 2082 tamen
353 2037 466 2101 parum
499 2018 612 2080 auxilii
645 2017 855 2083 derivandum
888 2025 948 2102 est,
985 2021 1099 2103 partim
1133 2020 1208 2102 quia
1239 2019 1333 2102 pauci
1366 2023 1442 2082 suut

212 2126 339 2190 codices
363 2125 419 2209 qui
452 2129 635 2208 supersunt,
666 2128 779 2209 partim
809 2129 885 2209 quia
907 2127 1094 2210 corruptelis
1117 2127 1140 2190 ii
1164 2130 1293 2190 scatent
1340 2123 1441 2189 Valde

211 2239 319 2296 autem
344 2231 518 2296 dolendum
541 2237 590 2296 est
611 2232 737 2297 nullum
761 2234 823 2298 hoc
837 2235 967 2298 nomine
990 2234 1122 2318 dignum
1147 2239 1256 2298 extare
1278 2231 1446 2317 Euripidis-

211 2339 358 2405 Lexicon
385 2339 494 2423 qualia
516 2341 670 2424 Aeschyli
698 2346 730 2405 et
752 2340 916 2426 Sophoclis
939 2348 971 2405 et
994 2341 1200 2426 Tragicorum
1224 2341 1441 2406 comicorum-

212 2467 276 2531 que
299 2446 563 2531 Fragmentorum
595 2447 757 2512 habemus.
803 2448 893 2512 Bona
924 2454 1086 2533 praeterea
1118 2447 1284 2530 Herodoti,
1316 2448 1441 2528 Thucy-

212 2556 313 2636 didis,
335 2553 483 2638 Hesiodi,
506 2554 676 2619 Poetarum
694 2555 895 2637 Lyricorum,
914 2556 1084 2620 Poetarum
1100 2555 1337 2637 Bucolicorum,
1365 2556 1441 2619 alio-

212 2681 350 2746 rumque
366 2663 556 2746 scriptorum
571 2661 742 2746 proborum
766 2662 885 2727 Lexica
908 2662 1133 2728 desideramus.
1179 2663 1244 2725 Vix
1268 2664 1352 2726 enim
1378 2663 1441 2724 dici

212 2773 318 2853 potest
341 2773 496 2853 quantum
524 2769 564 2832 ad
585 2769 719 2853 alicujus
738 2771 900 2854 scriptoris
924 2771 1047 2852 antiqui
1079 2770 1333 2834 emendationem
1366 2788 1441 2833 con-

212 2878 295 2942 terat
335 2875 479 2942 lexicon
520 2875 669 2942 dictionis
711 2878 779 2960 ejus
820 2883 965 2942 accurate
1003 2877 1191 2943 confectum.
1255 2874 1327 2940 Hoc
1372 2877 1441 2960 ipse

214 2989 365 3068 expertus
398 2985 480 3067 dico,
514 3004 615 3068 quum
646 2985 680 3047 in
714 2987 875 3051 sexcentis
907 2985 985 3050 locis
1012 3004 1104 3049 veras
1131 2985 1206 3050 inde
1233 2986 1312 3049 mihi
1335 2987 1442 3069 conje-

213 3099 321 3158 cturas
353 3091 467 3158 elicere
499 3097 531 3158 et
563 3097 687 3157 textum
720 3094 882 3178 scriptoris
913 3093 1080 3159 restituere
1103 3094 1280 3177 contigerit
1330 3093 1443 3177 Itaque

215 3201 423 3265 vehementer
454 3201 629 3284 optandum
664 3207 711 3266 est
748 3202 887 3285 aliquem
924 3203 979 3286 qui
1012 3203 1076 3266 otio
1112 3202 1230 3266 fruitur
1266 3202 1326 3265 hoc
1362 3221 1442 3286 opus

214 3311 438 3391 suscepturum
462 3327 538 3373 esse.

305 3412 392 3479 Utile
423 3421 586 3500 praeterea
618 3415 698 3480 duxi
729 3416 797 3480 lore
833 3417 861 3480 si
893 3415 979 3481 locos
1016 3415 1229 3500 obscuriores,
1265 3415 1442 3481 locutiones

214 3526 247 3588 et
270 3523 521 3587 constructiones
537 3523 755 3606 notabiliores,
779 3529 811 3588 et
826 3523 981 3588 vocabula
996 3525 1116 3589 rariora
1131 3523 1286 3608 exemplis
1310 3522 1349 3586 ab
1373 3525 1442 3608 ipso

214 3635 308 3714 poeta
331 3635 386 3694 aut
407 3629 536 3694 aliunde
558 3632 664 3714 petitis
686 3630 887 3696 illustrarem.

306 3735 406 3802 Doleo
429 3756 495 3802 non
518 3745 591 3806 ante
615 3739 700 3802 hunc
723 3757 843 3802 annum
867 3740 1045 3803 innotuisse
1067 3739 1146 3802 mihi
1167 3737 1330 3822 Euripidis
1352 3739 1443 3803 fabu-

215 3844 319 3907 larum
336 3844 509 3910 editionem
530 3845 673 3910 criticam
697 3846 987 3910 commodissimam
1011 3852 1043 3912 et
1065 3846 1279 3929 utilissimam,
1300 3847 1442 3910 nondum

216 3957 323 4016 minen
339 3950 379 4013 ad
395 3949 491 4016 finem
507 3950 700 4036 perductam,
719 3971 814 4036 quam
830 3953 926 4017 hodie
942 3959 1056 4018 curant
1073 3951 1109 4016 R.
1125 3952 1222 4018 Prinz
1238 3959 1270 4019 et
1278 3953 1317 4017 N.
1327 3953 1443 4018 Weck-

214 4059 282 4124 lein
314 4060 409 4144 (apud
441 4058 596 4125 Teubner.
629 4059 771 4145 lipsiae).
817 4061 856 4124 In
888 4060 1006 4144 quibus
1043 4061 1160 4126 tabulis
1193 4080 1229 4126 ea
1262 4081 1340 4126 usus
1372 4081 1443 4125 sum

213 4167 354 4232 fructum
376 4186 443 4232 non
466 4169 619 4253 exiguum
644 4169 801 4234 derivavi:
826 4187 891 4232 non
907 4168 1001 4233 modo
1022 4169 1109 4234 enim
1129 4169 1275 4234 codicum
1291 4169 1443 4234 lectiones

214 4275 300 4340 infra
327 4281 452 4342 textum
475 4281 623 4342 accurate
646 4275 853 4357 exhibentur,
885 4276 941 4342 sed
968 4276 1196 4361 probabiliores
1219 4278 1360 4340 virorum
1389 4277 1444 4341 do-

215 4387 339 4448 ctorum
363 4383 564 4466 conjecturae
588 4383 731 4467 undique
754 4383 904 4450 collectae
926 4385 1086 4469 appositae
1109 4389 1196 4466 sunt,
1219 4385 1265 4448 ita
1287 4390 1323 4448 ut
1345 4384 1445 4449 lector

214 4491 324 4560 autin
346 4492 416 4558 sine
439 4491 504 4556 ulla
526 4491 609 4556 mole
625 4509 662 4556 ac
681 4491 789 4559 labore
805 4497 911 4558 textus
927 4492 1140 4561 conditionem
1159 4493 1280 4558 discere
1296 4498 1398 4582 queat
