3456 5104
281 345 344 408 182
872 363 922 407 1oa

368 523 440 585 566.
465 523 540 605 ἡμῖν
564 521 650 605 vulg.
674 521 749 604 ὑμῖν
772 519 889 604 Sangor
912 522 945 584 in
963 520 1059 585 Closs.
1075 519 1096 584 J
1099 539 1187 584 curn.
1204 517 1280 584 XX.
1297 521 1370 584 281.
1388 519 1508 584 Weckl.

278 610 384 676 Herw.
408 613 442 674 in
466 621 571 674 annot.

369 701 441 763 569.
466 703 509 772 είς
531 700 592 782 μέν
616 699 674 784 -]
699 698 809 762 Malim
833 699 880 769 ῶς
902 699 962 781 μέν
986 737 1042 760 -.

369 791 441 852 570.
466 791 540 873 ἐμαί
565 813 597 852 τε
625 788 676 872 σέ]
709 787 758 852 Do
791 788 998 854 collocatione
1031 787 1445 872 ρ1111ααΙιιοτεν.ΕΙωεΙ.
1469 789 1509 852 ad

277 880 344 962 Iph.
367 879 399 942 T.
428 881 498 942 199.
523 885 555 942 ct
577 879 614 942 cl.
639 877 758 942 Phocn.
784 878 847 940 333
865 897 910 960 sq.
934 877 1002 940 Ion.
1028 879 1100 940 570.
1124 877 1200 942 Hor.
1225 879 1299 942 397.

368 988 488 1068 572sq.
513 985 603 1050 Haec
630 985 676 1048 sic
705 984 876 1049 amandare
905 985 975 1048 vult
998 985 1156 1048 Badham:
1191 985 1210 1048 ὁ
1239 984 1268 1048 δ’
1292 983 1372 1068 ᾖξας
1397 985 1509 1066 ὀρθῶς

276 1081 378 1148 τοῦτο,
411 1075 499 1157 (κᾶμ’
532 1077 594 1156 ἔχει
628 1073 785 1155 πόθος),]
812 1075 902 1144 ὅπως
935 1075 974 1138 σύ
1001 1073 1036 1147 τ’,
1070 1072 1099 1137 ῶ
1127 1080 1196 1156 παῖ,
1228 1073 1338 1157 μητέρ’
1367 1074 1509 1156 εὑρήσεις

277 1166 380 1238 σέθεν,
406 1162 410 1248 ]
441 1165 505 1246 ἐγώ
538 1163 572 1228 θ’
601 1164 714 1233 ὁποίας
750 1187 806 1246 μοι
844 1163 994 1245 γυναικός
1031 1165 1158 1246 ἐξέφυς,
1184 1167 1189 1232 l
1218 1164 1328 1246 χρόνῳ
1361 1163 1508 1236 διδόντες,

277 1254 362 1317 ταῦτ’
385 1256 462 1324 ἴσως
485 1254 632 1335 εὕροιμεν
655 1253 702 1315 ἄν.
743 1251 801 1328 Qu.
831 1253 865 1315 οί
885 1253 912 1316 δ’
935 1252 1029 1336 ήξας,
1059 1253 1110 1317 vol
1133 1255 1152 1316 ὃ
1177 1251 1206 1316 δ’
1229 1252 1326 1322 εἶπας.
1416 1259 1508 1316 τοῦτο

277 1341 355 1426 κᾶμ’
378 1345 441 1426 ἔχει
464 1342 585 1426 πόθος]
618 1342 642 1406 Ι.
666 1360 692 1405 c.
721 1347 813 1405 τοῦτο
841 1341 933 1424 κάγὼ
962 1343 1068 1406 ποθῶ.
1109 1341 1152 1406 Cf.
1176 1342 1291 1406 Bacch.
1318 1343 1412 1404 1287.
1435 1342 1507 1423 λέγ’,

278 1433 324 1503 ὡς
346 1431 382 1496 τό
405 1433 521 1515 μέλλον
544 1431 660 1514 καρδία
684 1431 807 1514 πήδημ’
832 1433 902 1513 ἔχει.

372 1540 445 1602 575.
469 1538 579 1622 χρόνῳ
604 1575 644 1585 -
671 1537 778 1608 δόντες
804 1537 917 1622 ταῦτα]
951 1537 995 1602 Of.
1019 1538 1067 1602 Fr.
1096 1539 1193 1620 1072,
1223 1540 1248 1601 1.
1281 1545 1318 1622 τῇ
1346 1538 1434 1620 νόσῳ
1463 1539 1507 1602 δι-

278 1628 355 1699 δοὺς
377 1629 503 1711 χρόνον.

368 1737 440 1800 578.
464 1735 596 1819 πατρὸς]
613 1735 738 1804 πόλεως
750 1733 785 1798 G.
797 1734 949 1798 Schmidt.
970 1735 1092 1816 πάτρας
1108 1735 1140 1798 F.
1151 1735 1200 1798 W.
1218 1733 1369 1798 Schmidt.
1386 1734 1508 1824 χθονὸς

277 1825 484 1889 Hcrworden.

368 1916 440 1977 585.
466 1915 504 1977 οὐ
527 1911 612 1977 ταῦτ’
636 1913 774 1998 ὄνειδος]
800 1915 838 1976 οὐ
861 1913 974 1977 ταυτὸν
997 1912 1081 1984 εἶδος
1105 1913 1212 1978 Cobet.

368 2005 440 2066 588.
464 2002 552 2086 πέρι]
576 2003 674 2084 πότερ
699 2005 781 2084 (περ)
805 2005 885 2086 conj.
909 2001 1005 2066 Dobr.
1030 2003 1181 2067 Badham.
1206 2004 1324 2086 recepit
1346 2001 1441 2066 Dind.

368 2094 440 2155 594.
464 2093 527 2165 κάξ
559 2090 714 2176 οὐδένων]
747 2093 811 2155 κάκ
851 2092 1003 2175 μηδένων
1036 2092 1167 2174 Burges.
1201 2093 1241 2155 ad
1273 2091 1408 2155 Eumcn.
1433 2095 1507 2154 424.

277 2182 346 2245 11110
379 2182 532 2263 ἀσθενής,
565 2181 659 2264 νόμῳ
681 2182 684 2260 ]
704 2181 740 2244 τὸ
762 2181 865 2265 μηδὲν
888 2184 936 2244 ῶν
959 2181 1036 2244 κάπ’
1061 2182 1204 2245 οὐδένων
1228 2182 1423 2263 κεκλήσομαι
1446 2206 1508 2263 μή-

279 2271 332 2334 δὲν
347 2272 513 2333 κούδένων
528 2272 570 2352 (1)
590 2270 787 2354 κεκλήσομαι
803 2270 954 2334 Badham.
971 2271 1036 2351 ε’γῶ
1052 2271 1087 2334 τό
1102 2271 1205 2353 μηδέν
1221 2271 1346 2354 supplet
1358 2271 1508 2333 Schmidt.

278 2359 336 2435 Qu.
361 2361 379 2424 ό
411 2359 513 2442 μηδὲν
545 2362 594 2422 ῶν
621 2360 685 2422 κάκ
717 2361 868 2443 μηδένων
901 2361 1104 2442 κεκλήσομαι.
1151 2359 1209 2422 Vel
1243 2359 1310 2423 ὅτ’
1334 2360 1429 2423 οὐδὲν
1461 2362 1509 2422 ῶν

278 2450 340 2522 κάξ
372 2449 515 2512 οὐδένων
540 2487 595 2510 -.
635 2447 694 2513 Vel
727 2449 774 2512 ἀεὶ
806 2449 841 2512 τὸ
873 2449 976 2532 μηδὲν
1004 2455 1061 2513 etc.
1107 2447 1150 2512 Cf.
1175 2448 1241 2532 Iph.
1267 2451 1304 2511 A.
1330 2450 1403 2512 968.
1435 2449 1509 2518 τούς

278 2539 418 2608 οὐδένας.
444 2539 542 2602 Andr.
561 2539 633 2602 701.
658 2539 745 2608 ὄντες
760 2539 896 2608 οὐδένες.
935 2539 1303 2620 Μ1111111κάκμήδένων.
1372 2539 1509 2621 όμιγδέν

279 2665 320 2674 -
344 2627 555 2711 κεκλήσομαι]
580 2627 625 2691 Of.
650 2626 768 2691 Herod.
793 2627 882 2690 VIII.
902 2628 972 2691 106.
998 2626 1106 2690 Elmsl.
1130 2628 1170 2691 ad
1196 2627 1270 2692 Her.
1291 2629 1361 2690 168.
1430 2628 1507 2691 κού-

278 2717 381 2780 δένων
403 2716 616 2800 κεκλήσομαι]
646 2714 689 2779 Of.
715 2717 788 2780 309.
815 2723 872 2780 τοῦ
899 2717 980 2780 θεοῦ
1009 2717 1177 2800 καλοῦμαι.
1208 2718 1281 2780 311.
1306 2717 1426 2790 Λοξίου
1454 2741 1507 2780 κε-

277 2807 434 2890 κλήμεθα.

367 2915 439 2976 595.
463 2913 498 2976 τό
514 2919 644 2994 πρῶτον
655 2950 696 2958 -
707 2912 816 2996 ζυγόν]
841 2912 885 2976 Cf.
896 2913 935 2975 ad
947 2911 1065 2976 Phcon.
1079 2914 1129 2974 72.
1153 2914 1204 2976 ἐπὶ
1227 2915 1333 2994 ζυγοῖς
1350 2914 1483 2996 (ζυγῴθ)
1502 2911 1505 3000 ]

277 3002 421 3076 καθέζετ’
445 3003 554 3085 ἀρχῆς.
582 3004 643 3085 Ag.
670 3003 763 3064 1618.
792 3003 996 3083 κρατούντων
1022 3007 1087 3065 τῶν
1115 3003 1165 3065 ἐπὶ
1189 3005 1278 3084 ζυγῷ
1302 3002 1408 3084 δορός.
1448 3001 1507 3077 Qu.

277 3092 381 3161 ἀστοῖς
395 3091 430 3154 τὸ
446 3092 548 3174 μηδὲν
563 3092 701 3172 κόγονος
716 3091 779 3172 (vel
794 3092 971 3173 κάπότωρ).
1009 3091 1070 3156 Vol
1087 3092 1192 3162 ἀστοῖς
1207 3093 1225 3155 δ
1240 3092 1381 3174 μηδενὸς
1397 3094 1507 3174 γεγώς.

274 3208 277 3214 ’
368 3199 441 3261 598.
465 3199 534 3261 ὅσοι
559 3197 593 3261 δέ
616 3196 757 3280 χρηστοὶ]
781 3199 851 3261 ὅσοι
875 3198 904 3260 δ’
928 3200 1047 3280 ἄριστοι
1064 3197 1095 3261 F.
1107 3197 1156 3261 W.
1168 3197 1320 3262 Schmidt.
1412 3199 1507 3262 δυνά·
1558 3199 1564 3208 ’

276 3289 369 3369 μενοί
389 3287 414 3349 τ’
438 3285 515 3350 είναι
538 3286 646 3370 σοφοὶ]
671 3286 743 3369 ch.
767 3288 933 3368 λεγόμενοί
953 3287 979 3350 τ’
1004 3325 1060 3348 -.

368 3379 441 3440 599.
466 3375 593 3459 σιγῶσι]
617 3377 749 3457 ἀργοῦσι
772 3375 805 3438 F.
829 3376 878 3440 W.
903 3376 1055 3440 Schmidt.

368 3467 441 3529 600.
467 3464 575 3546 γέλωτ’
603 3466 636 3528 έν
667 3467 772 3535 αὐτοῖς
801 3467 928 3548 μωρίαν
955 3491 987 3530 τε
1014 3465 1177 3549 λήφομαι]
1203 3466 1248 3530 Of.
1274 3467 1356 3531 Mod.
1381 3468 1455 3530 217.
1479 3468 1510 3530 οἱ

280 3555 308 3618 δ’
333 3553 389 3638 ἀφ’
414 3555 536 3637 ήσύχου
560 3554 663 3624 ποδός
683 3555 687 3635 ]
709 3556 875 3618 δύσκλειαν
904 3556 1074 3636 ἐκτήσαντο
1097 3555 1150 3618 καὶ
1175 3557 1346 3638 ῥᾳθυμίαν.
1437 3579 1507 3639 μω-

279 3645 349 3726 ρίαν
372 3669 404 3707 τε
426 3642 584 3727 λήιγομσι]
610 3643 691 3707 Fort.
714 3645 842 3726 μωρίαν
864 3644 890 3706 τ’
914 3645 1154 3727 ὐφλήσσμαιθ]Ι

369 3734 442 3796 601.
466 3734 574 3815 φόβου
598 3733 679 3796 libri.
703 3734 809 3815 ψόγου
834 3733 985 3797 Badham.

369 3824 442 3886 602.
466 3829 530 3885 τῶν
554 3823 582 3886 δ’
606 3821 647 3885 αὖ
670 3823 787 3904 λογίων
809 3822 857 3906 τε]
881 3828 946 3885 τῶν
969 3823 1108 3904 εὐγενῶν
1130 3847 1162 3886 τε
1177 3822 1306 3886 Faehsc.
1329 3828 1394 3886 τῶν
1415 3823 1444 3887 δ’
1467 3822 1508 3887 αὐ

279 3918 393 3992 σοφῶν
411 3937 442 3974 τε
459 3914 538 3994 conj.
556 3912 706 3975 Badham.
731 3917 795 3975 τῶν
812 3912 840 3975 δ’
857 3909 897 3974 αὗ
914 3912 1071 3993 λεγόντων
1087 3912 1210 3976 11111110.
1234 3919 1299 3976 τῶν
1316 3913 1350 3976 δὲ
1366 3913 1508 3994 λογίμων

279 4025 312 4063 τε
337 4003 517 4083 χρωμένων
545 4003 591 4080 (l)
620 4025 652 4064 τε
680 4007 717 4085 τῇ
745 4002 834 4064 πόλει
858 4000 994 4084 Madvig.
1027 4007 1092 4064 τῶν
1125 4002 1153 4064 δ’
1186 3999 1227 4065 αὐ
1261 4002 1447 4066 δοκούντων
1477 4027 1509 4066 τε

280 4093 360 4172 conj.
385 4089 506 4153 Weckl.
546 4089 604 4165 Qu.
632 4095 697 4153 τῶν
731 4091 765 4154 δὲ
792 4091 934 4172 λογίμων
964 4089 1005 4170 (δ’
1029 4091 1063 4154 έν
1086 4090 1184 4172 λόγῳ]
1211 4115 1243 4154 τε
1271 4092 1460 4174 δυναμένων
1482 4091 1508 4155 τ’

280 4180 313 4243 έν
335 4185 373 4262 τῇ
396 4179 492 4242 πόλει.

371 4269 443 4331 604.
467 4269 633 4353 ψήφοισιν]
658 4267 716 4344 Qu.
740 4269 895 4350 φόγοισιν.

371 4360 443 4420 605.
468 4361 502 4420 οἳ
519 4358 574 4428 τὰς
596 4358 702 4429 πόλεις
725 4361 860 4441 ἔχουσιν,
884 4359 1065 4439 ἀξιώματος
1086 4359 1090 4438 Ι
1110 4365 1231 4428 τοῖς-
1249 4360 1330 4442 conj.
1354 4359 1507 4424 Badham.

282 4446 339 4523 Qu.
364 4449 395 4510 οί
419 4446 444 4510 ’ν
469 4449 548 4529 (οὖν)
572 4454 636 4520 ταῖς
659 4449 785 4511 πόλεσιν
808 4450 931 4534 ἔχοντες
955 4449 1119 4532 ἀξιώματα
1144 4448 1205 4532 (vol
1229 4449 1355 4534 ἀξίωμά
1379 4449 1425 4532 τι).
